2139 3100
232 213 377 278 336
685 201 1173 255 DISSERTATIO
1217 192 1543 261 QUARTA

269 298 412 350 limus
437 296 686 349 Gisbertus
715 291 942 355 Cuperus
958 320 973 345 ,
1011 283 1288 337 existimant
1313 283 1398 337 sub
1425 305 1528 338 uno
1553 285 1829 356 eodemque
1850 289 1952 342 Im.

268 387 487 442 peratore
513 383 657 418 unam
693 362 1000 430 eandemque
1022 360 1192 411 urbem
1220 360 1323 423 bis,
1361 376 1465 424 ter,
1504 375 1736 432 quaterve
1769 357 1950 415 saetam

268 444 408 497 fuisse
452 440 755 493 Neocorani.
834 434 964 502 Qiae
1009 448 1138 486 certe
1183 436 1357 506 opinio
1384 473 1399 498 ‚
1448 436 1674 496 veritati-,
1735 435 1806 486 uti
1854 451 1953 506 ego

271 521 310 588 Γ
313 514 529 589 quamvis
568 510 641 560 his
677 507 905 561 omnibus
937 508 1221 561 eruditionis
1269 510 1543 582 coryphaeis
1579 511 1727 580 longe
1761 505 1950 579 impar)

269 590 420 660 magis
445 583 820 639 consentaneam·
845 597 999 653 puto:
1048 583 1167 635 >licet
1198 584 1330 636 iilam
1357 587 1490 638 aliter
1510 621 1526 646 ,
1576 583 1949 654 intelligendam

268 681 391 723 rear,
427 674 573 730 atque
594 657 957 728 explicandam.
997 657 1139 729 quod
1164 675 1292 710 nunc
1320 677 1413 730 pro
1439 658 1623 712 viribus
1648 657 1878 710 conabor.

349 740 424 789 Ut
449 747 610 786 autem
637 732 721 784 hic
764 731 1005 785 versamur
1030 734 1078 783 in
1116 729 1239 783 statu
1269 733 1608 802 conje&urali;
1649 734 1744 793 sie,
1783 731 1953 802 spem,

267 810 525 865 temeritati
559 825 679 860 meae
717 808 910 860 veniam
949 805 1135 858 dabunt
1175 806 1263 858 viri
1296 807 1454 859 modo
1491 808 1731 861 nominati
1743 835 1760 869 ,-
1807 807 1950 876 quod

266 886 386 939 illud
411 884 627 937 minimae
651 882 867 953 ipsorum
894 879 1038 934 famae
1079 882 1220 953 (quae
1240 878 1430 952 semper
1456 882 1669 934 maxima
1703 898 1954 952 permane-

267 959 367 1031 bit)
405 958 719 1013 detrahenda:
742 971 925 1010 tentare
947 957 1099 1010 velim
1115 977 1132 1008 .·
1172 973 1342 1009 verum
1367 968 1422 1007 ut
1443 955 1539 1017 sie,
1580 955 1802 1009 fi-minus
1825 955 1953 1010 reste
1992 981 1995 986 ·

269 1037 525 1105 conjecero
539 1070 555 1095 ,
594 1033 796 1084 meliora
819 1033 879 1084 ab
907 1031 1019 1103 ipsis
1040 1031 1238 1084 docear.

340 1110 461 1161 Mea
499 1108 647 1180 igitur
681 1104 776 1159 fert
806 1107 1008 1179 opinio,
1056 1106 1141 1158 sub
1181 1125 1282 1159 uno
1310 1106 1593 1179 eodemque
1616 1105 1958 1175 'Imperatore3

268 1184 348 1241 vel
397 1183 615 1255 pluribus
677 1182 774 1235 una
843 1182 1194 1254 imperantibus
1267 1182 1654 1253 Imperatoribus
1692 1221 1708 1244 ,
1792 1181 1953 1245 urbeS,

267 1260 572 1334 quandoque
601 1256 786 1324 sbmel,
835 1258 1141 1329 quandoque
1176 1258 1281 1321 bis,
1321 1259 1633 1329 quandoque
1673 1268 1785 1316 ter,
1836 1257 1958 1328 quin

268 1341 320 1389 δε
362 1332 630 1405 aliquando
664 1344 874 1403 quater,
924 1331 1074 1386 saetas
1113 1330 1252 1385 fuisse
1299 1332 1570 1387 Neocoras.
1642 1334 1718 1383 Ac
1767 1329 1960 1383 Ilienses

267 1411 333 1464 fic
358 1408 507 1461 saetas
531 1405 669 1459 fuisse
702 1406 781 1459 bis
814 1406 1101 1470 Neocoros,
1144 1407 1223 1460 {eu
1250 1406 1453 1461 Caesaris
1487 1412 1541 1460 &
1578 1407 1758 1461 AEneae
1790 1403 1961 1466 simul,

270 1485 353 1537 seu
381 1484 555 1535 Romae
573 1496 628 1529 ac
646 1478 863 1531 ‘Caesaris
888 1481 1047 1531 simul:
1066 1481 1217 1544 [ficut
1232 1484 1335 1549 jam
1351 1482 1472 1533 olim
1485 1499 1604 1534 cum
1620 1479 1960 1550 SmyrnenseS‚

271 1575 379 1613 tum
417 1549 783 1608 Alabandenses-
808 1550 1008 1621 Romae]
1047 1552 1144 1604 siv-e
1167 1553 1227 1604 1id
1268 1554 1420 1604 unico
1447 1555 1649 1605 tantum
1689 1550 1960 1605 constituto

273 1629 468 1702 templo
495 1627 628 1680 fieret
667 1625 768 1696 (uti
801 1624 886 1676 sub
913 1625 1124 1677 Tiberio
1149 1643 1176 1676 a
1201 1625 1568 1697 Smyrnenfibus
1601 1621 1817 1696 fadum)
1859 1624 1962 1678 five

276 1708 470 1761 dnobus
537 1699 732 1755 diversis
789 1699 839 1750 in
904 1697 1282 1771 uniuscujusque
1345 1698 1585 1751 honorem
1655 1698 1961 1752 dedicandis·

278 1776 612 1850 Quantumvis
639 1775 704 1827 de
731 1773 981 1828 Ilienslbus
1005 1772 1176 1826 statuat
1204 1773 1483 1834 Kubmim,
1523 1772 1633 1826 illos
1659 1772 1874 1844 primum
1898 1773 1960 1826 ab

284 1853 562 1911 Alexandro
585 1849 855 1910 Palladzs,
892 1849 1004 1918 post
1040 1864 1158 1901 vero
1187 1866 1214 1899 a
1245 1847 1292 1920 J.
1321 1845 1511 1900 Caesare
1534 1847 1760 1908 QAEneae
1794 1847 1955 1901 faetos

283 1930 418 1984 fuisse
470 1925 745 1983 Neocoros:
794 1921 936 1995 quod
974 1940 1088 1995 quo
1123 1919 1445 1976 fundamento
1483 1922 1657 1975 nitatur
1702 1940 1803 1975 non
1848 1921 1958 1975 satis

252 2039 254 2042 -
283 2006 441 2075 capio,

360 2081 429 2131 At
454 2076 518 2128 de
546 2074 693 2126 unico
717 2073 883 2129 Romae
907 2091 963 2127 ac
990 2072 1199 2145 Caefizris
1219 2073 1409 2145 templo
1431 2072 1735 2145 aliquatenus
1760 2071 1960 2126 firmant

285 2152 432 2207 verba
461 2150 636 2202 Dionis
661 2149 724 2200 de
755 2150 1004 2222 Augusto:
1043 2165 1098 2202 ut
1123 2149 1210 2222 qui
1244 2148 1371 2201 istud
1397 2146 1617 2219 Ephesiis
1640 2166 1697 2200 ac
1725 2147 1780 2199 N
1787 2149 1958 2200 icaeen-

288 2229 415 2284 fibus
448 2221 696 2278 conceffit.
771 2225 845 2277 Ita
870 2239 924 2276 ut
946 2225 1061 2278 inde
1081 2223 1224 2277 semel
1255 2224 1475 2284 Romae,
1513 2222 1721 2296 semelJ.
1751 2220 1962 2284 Caesari‚

286 2298 582 2374 atqueadeo
608 2297 677 2348 bis
702 2297 827 2351 hisce
850 2300 1044 2352 duobus
1077 2297 1214 2352 simul
1256 2297 1375 2367 (five
1414 2298 1481 2350 ob
1505 2298 1731 2359 unicum,
1771 2296 1868 2349 five
1891 2296 1961 2349 ob

286 2379 399 2431 bina
424 2372 610 2443 templa
633 2374 854 2426 dedicata
867 2373 914 2444 ‚)
947 2374 1166 2428 Neocorz·
1195 2371 1312 2425 fasti
1338 2370 1530 2425 fuerint.
1608 2371 1750 2432 Licet
1786 2370 1975 2424 Ludos¹

288 2455 404 2508 huic
426 2447 723 2504 dedicationi
745 2449 982 2502 accessiffe
1006 2467 1104 2501 non
1128 2462 1439 2500 memoretur.

357 2528 411 2581 Si
432 2537 595 2578 autem
637 2520 767 2575 Ludi
802 2526 933 2576 Sacri
970 2523 1283 2582 accederent,
1319 2539 1380 2575 eo
1416 2521 1569 2594 magis
1603 2521 1697 2576 sese
1733 2531 1956 2594 poterant

289 2601 529 2655 ostentare
563 2592 800 2669 Νεωκᾶρκςς
850 2598 951 2654 five
995 2597 1130 2650 Ludi
1160 2596 1234 2650 isti
1272 2596 1575 2651 anniversarii
1615 2597 1802 2658 essent,
1861 2593 1961 2646 five

288 2673 712 2748 Quinquennales:
762 2673 830 2726 ob
855 2691 984 2746 quos
1007 2671 1178 2728 Ludos
1214 2672 1280 2727 ita
1317 2673 1515 2727 iteratos
1549 2684 1711 2726 tamen
1759 2667 1961 2795 mininge

1929 2758 1961 2793 -e
