2139 3100
97 128 197 184 DE
241 127 776 181 AGoNorufiTis
820 122 1768 203 FANEGYR1ARCH13,&c.577

101 219 245 276 Nam
269 218 404 291 quod
418 221 472 270 in
478 218 759 288 pangendis
782 215 1122 278 carminibus,
1163 214 1224 275 ὠ*
1247 220 1532 273 cantionum
1558 221 1771 277 modullis

102 295 341 361 remtffim
369 290 462 360 cst,
503 289 679 350 σκςλιοΐ
704 288 929 351 dicitur:
969 290 1149 344 Verum
1174 310 1285 345 cum
1313 296 1417 346 tria
1433 295 1767 366 generastnt,

102 381 160 422 ut
173 368 352 436 firibit
372 368 613 419 Artemon
645 364 971 433 Cassandra-ios
1003 365 1125 418 lihro
1140 364 1354 434 fi'cundo
1367 365 1453 419 De
1466 370 1554 434 usu
1576 377 1765 424 carmi-

103 461 222 495 num
244 441 513 494 Scoliorum
528 476 542 500 ,
587 457 692 510 quae
722 457 777 490 tn
804 438 1059 491 hominum
1084 452 1211 492 coetu
1237 459 1297 492 ac
1321 445 1555 498 convictu
1578 463 1766 499 canun-

100 528 217 577 tur,
257 534 314 567 ac
331 518 550 585 primum
587 512 812 583 quidem,
854 511 984 584 quod
1007 513 1068 565 ab
1091 513 1312 566 omnibus
1339 522 1538 570 cantari
1563 518 1768 582 solenne

86 588 234 660 ficit:
273 587 483 641 alterum
522 585 654 659 quod
689 602 855 638 omnes
891 597 1018 638 certe
1042 589 1285 641 canebant
1304 624 1321 649 ‚
1352 606 1528 644 verum
1553 595 1764 647 circuitu

102 664 336 735 quodam,
354 674 408 714 ut
421 661 549 714 alius
565 659 658 711 alii
666 658 967 725 succederet,
967 661 1183 729 st’rvato
1199 665 1414 717 omnium
1428 671 1765 721 convivarum

104 737 273 789 ordine
288 756 305 786 .·
319 739 525 788 tertium
540 771 553 795 ,
567 752 624 785 cu
620 738 711 806 jus
716 735 991 805 participes
1004 753 1103 788 non
1119 755 1283 790 omnes
1295 750 1456 800 erant,
1462 738 1555 807 sed
1562 743 1695 814 quod
1699 742 1762 794 ab

101 809 291 878 tisfhli's
305 809 719 879 recitabatur‚qui
731 808 1019 861 eruditiores
1032 809 1412 874 haberentum&
1423 818 1511 886 qui
1521 814 1619 868 loco
1631 828 1763 868 certo

101 886 308 958 quodam
327 884 493 958 [prout
507 880 615 955 ipfis
632 883 924 949 obvenerat]
937 884 1281 954 accubuiffint.
1306 886 1427 951 ‘Qua
1433 901 1630 960 propter
1645 891 1764 960 quia

101 974 251 1013 extra
265 961 478 1013 ordinem
507 957 652 1024 (sive
665 956 946 1009 inordinate
961 957 1130 1031 quasi)
1144 977 1297 1032 neque
1298 958 1455 1024 fimul
1460 965 1522 1015 ab
1535 963 1764 1016 omnibus

101 1051 255 1106 neque
281 1053 311 1085 a
339 1034 583 1103 proximis
611 1042 923 1082 continenter
947 1050 1005 1084 ac
1026 1033 1279 1104 deinceps,
1309 1032 1398 1100 fhd
1404 1050 1547 1106 prout
1560 1036 1764 1111 quisqtie

104 1110 298 1181 (eornm
323 1109 411 1178 qui
436 1101 709 1173 canebant)
752 1105 1039 1175 accubwffl’t
1054 1141 1070 1167 ,
1109 1106 1149 1157 S
1153 1108 1450 1163 COLIVM
1468 1111 1527 1163 id
1545 1112 1763 1182 appella-

100 1198 208 1238 tum
231 1181 311 1254 est.
386 1180 558 1250 Atque
581 1178 810 1247 ejusmodi
836 1178 1057 1233 Scolinm
1086 1182 1414 1244 cantabatur,
1462 1202 1573 1237 cum
1598 1202 1760 1238 eorum

100 1274 208 1332 quae
220 1254 441 1307 omnibus
455 1270 725 1304 communia
738 1251 798 1310 ὠν
814 1252 1072 1320 necffzria
1083 1256 1582 1326 minssratafuerant
1599 1293 1616 1321 ,
1646 1260 1760 1330 jam

87 1332 219 1404 finis
248 1327 374 1396 effet.
450 1323 576 1378 Tum
589 1329 719 1377 enim
733 1327 953 1379 decorum
964 1328 1221 1396 censebant
1229 1330 1508 1400 sapientem
1522 1350 1761 1408 quemque

93 1403 353 1478 pulchram
374 1400 621 1472 quandam
645 1404 922 1453 cantionem
939 1418 986 1453 in
999 1402 1210 1456 medium
1220 1403 1443 1474 proferre.
1484 1404 1759 1468 Pulchram

97 1496 217 1531 vero
244 1475 546 1528 cantilenam
567 1476 814 1544 putabant
838 1493 945 1544 quae
957 1475 1352 1531 exhortationem
1365 1479 1619 1552 quandam
1632 1499 1760 1534 com-

95 1552 417 1622 pletivam,
455 1559 543 1598 aut
561 1551 802 1618 egregiam
826 1546 1114 1622 (alequam)
1128 1550 1470 1617 sententiam,
1496 1571 1614 1680 lquae
1626 1558 1757 1608 vitae

97 1622 328 1675 humanae
354 1621 496 1672 utilis
522 1620 654 1689 esset.
725 1619 867 1671 Tum
892 1639 1041 1691 porro
1074 1625 1319 1696 subjungit
1354 1627 1493 1681 diver
1514 1646 1541 1680 a
1567 1628 1755 1692 Scolia,

95 1697 188 1748 alia
221 1694 280 1746 ab
306 1694 437 1754 aliis,
477 1692 524 1743 in
554 1695 771 1744 Deorum
802 1696 1076 1748 Dearumve
1100 1698 1292 1751 laudem
1317 1715 1519 1754 cantata.

173 1769 310 1821 Idem
337 1765 436 1820 fere
473 1766 600 1818 circa
637 1765 856 1820 Paeanas
869 1805 884 1829 ‚
933 1769 980 1820 in
1022 1772 1287 1829 conviviis,
1339 1774 1505 1828 locum
1543 1774 1756 1830 habuiffe

100 1843 255 1896 nullus
279 1842 465 1896 dubito.
519 1858 686 1893 verum
709 1860 736 1892 a
760 1843 933 1895 menfis
959 1861 1016 1896 ac
1038 1846 1281 1899 conviviis
1303 1848 1365 1900 ad
1390 1849 1755 1914 Solemnitates,

101 1917 179 1969 seu
204 1915 320 1970 festa
336 1953 350 1978 ‚
388 1913 701 1968 transeamus:
741 1917 790 1968 in
811 1917 988 1988 quibus
1014 1933 1067 1970 ut
1088 1921 1299 1974 Paeanes
1322 1939 1379 1974 ac
1403 1924 1595 1994 Hymni
1615 1942 1754 1977 cane-

103 1991 271 2042 bantur
286 2032 302 2051 ,
339 1991 404 2041 ita
417 1990 520 2042 illos
531 1989 592 2041 ab
606 1989 884 2044 hominibus
898 1992 961 2044 ad
986 1993 1036 2045 id
1059 1993 1222 2046 eleffis
1236 2032 1253 2058 ,
1291 1996 1368 2049 seu
1382 1998 1652 2052 constitutis
1675 2016 1755 2051 ce-

103 2065 307 2118 lebratos
328 2061 488 2131 fuisse,
540 2080 601 2116 ex
625 2065 833 2137 antiquis
863 2065 1104 2136 lapidibus
1126 2069 1344 2123 constare
1378 2073 1584 2127 videtur.
1670 2072 1751 2128 De

101 2137 277 2211 quibus
291 2137 433 2207 igitur
447 2156 572 2190 nunc
585 2139 676 2209 aliq
685 2140 769 2193 uid
791 2140 1071 2195 dicendum.

177 2209 384 2274 Υμνωδὲς
397 2216 445 2264 &
463 2211 745 2284 Σιωυμνῳὸἑς
769 2214 1022 2268 habuimus
1034 2218 1129 2285 jam
1151 2214 1287 2288 supra
1302 2237 1410 2294 pag.
1433 2240 1460 2292 5
1471 2225 1549 2277 28.
1566 2224 1614 2276 in
1632 2221 1752 2294 lapi-

104 2286 180 2338 dis
193 2283 465 2356 fragmento
480 2328 499 2349 ,
520 2285 596 2339 seu
610 2287 919 2361 inscriptione
935 2304 1000 2341 ex
1018 2292 1379 2348 Oxonienfibus
1395 2333 1409 2359 ,
1420 2315 1475 2349 ac
1496 2297 1721 2350 Reinefio
1736 2333 1753 2359 ,

105 2359 317 2412 addufxa
333 2374 408 2411 :ut
422 2362 562 2430 quod
573 2360 690 2414 dum
706 2364 770 2416 de
785 2363 1074 2435 Alytarchis
1087 2366 1307 2438 loquerer
1320 2372 1637 2431 ‚attu1i.unde
1652 2388 1750 2422 non

104 2432 257 2486 solum
271 2433 450 2504 liquere
464 2434 666 2497 videtur,
674 2439 830 2507 plures
847 2457 1045 2493 numero
1058 2440 1164 2493 illos
1176 2442 1314 2494 unica
1328 2446 1374 2497 in
1388 2446 1583 2499 civitate
1597 2443 1753 2508 fuiss‘e,

104 2525 270 2559 verum
285 2510 331 2557 ὃ(
347 2507 552 2579 collegia
563 2507 770 2578 ipsorum
783 2512 918 2565 fuisse
933 2513 1211 2569 constituta.
1227 2518 1385 2579 Quod
1394 2520 1536 2572 etiam
1552 2537 1648 2572 non
1663 2519 1753 2575 ob-

103 2580 230 2635 scure
243 2581 541 2647 firmatur,ex
557 2582 646 2637 isto
660 2590 1052 2660 marmore,quod
1066 2591 1244 2645 eodem
1259 2591 1398 2663 loco(
1402 2611 1576 2667 nempe
1588 2593 1756 2667 Smyr-

914 2662 1102 2719 Dddd
1655 2667 1759 2740 nae)
