2139 3100
318 218 383 275 32
668 193 767 248 DE
808 190 1155 246 ORIGINE
1192 202 1277 242 Ac
1316 187 1665 249 Rmnusg

320 306 511 346 tantum
535 288 762 348 Diana,
801 299 969 336 verum
994 281 1140 335 etiam
1177 280 1435 338 Minerva
1460 284 1569 338 haec
1591 284 1733 338 Sacra
1760 284 1895 340 fuiss‘c
1918 286 1995 341 di-

315 382 421 420 cata
444 384 501 420 ac
529 363 735 437 perasta,
775 363 838 410 At
857 358 945 428 qui
961 356 1072 409 talia
1086 356 1343 420 viderunt,
1366 374 1493 412 certe
1510 360 1593 413 hic
1607 361 1728 414 nihil
1751 363 1996 415 viderunt.

316 448 394 496 Ac
414 439 615 493 ridicula
627 435 732 489 sane
754 433 980 503 suntquae
1000 432 1064 485 de
1087 432 1334 487 Minerva
1348 434 1667 507 confingunt,
1710 453 1775 488 ex
1802 436 1875 488 his
1887 438 1997 488 Sui-

313 517 393 570 dae
419 514 577 570 verbis
594 556 609 580 ‚
650 501 927 580 ταυρεςᾶλβυ
953 511 979 571 η’
1003 504 1174 574 Α’9ηνὲἑ.
1253 507 1454 563 ‘Dianae
1479 511 1682 582 quidem
1709 525 1812 562 tam
1833 510 1998 564 eidem

311 590 475 646 Suidae
502 604 649 660 quam
673 601 818 636 etiam
845 580 1106 655 Hesychio
1125 597 1328 638 vocatur
1349 587 1610 660 ταυροπίληῑ
1650 584 1730 637 scd
1745 586 1891 657 longe
1904 585 1999 637 alia

311 685 373 719 ex
397 663 548 717 causa.
617 660 766 712 Toto
788 674 993 729 quoque
1026 657 1152 711 caelo
1176 674 1296 710 errat
1325 659 1534 714 Carolus
1560 661 1861 731 Stephanu3‚
1908 659 1999 731 qui

309 744 359 795 in
387 735 692 793 Distionario
726 733 935 788 Po'e'tico
958 731 1152 797 afferit,
1206 731 1261 787 T
1251 735 1548 805 auripolium
1577 734 1734 806 futffe
1761 735 1995 805 sacrum,

316 819 372 869 in
399 833 491 888 quo
530 813 696 865 Marti
725 829 784 864 ac
820 807 1046 871 Dianae,
1099 828 1199 862 non
1234 807 1498 877 humana,
1522 810 1623 877 sed
1648 824 1848 864 taurzno
1869 812 1995 876 san·

299 893 458 960 guine
490 884 900 956 facrfficabatur.
992 884 1070 939 Et
1112 882 1460 954 Tauropoliam
1495 884 1739 938 Dianam
1778 884 1993 943 dmm,

218 996 227 1006 x
313 963 448 1036 quod
485 963 562 1017 illi
605 963 807 1016 taurino
843 959 1096 1032 sanguine
1119 957 1508 1027 sacrificaretur.
1587 960 1724 1010 bicut
1757 962 1807 1009 &·
1837 959 1997 1010 Cam·

308 1039 464 1093 denus
485 1074 502 1102 ,
568 1036 658 1107 qui
708 1037 759 1088 in
798 1033 1045 1086 Britannia
1082 1036 1162 1085 iua
1197 1033 1263 1084 ita
1311 1032 1550 1103 loquitur:
1606 1031 1900 1103 Tauropolia
1939 1037 1993 1086 in

308 1112 511 1166 ‘Dianae
533 1109 759 1164 honorem
765 1107 920 1178 fuiffe
942 1108 1189 1162 celebrata
1219 1119 1400 1161 norunt
1426 1107 1629 1161 eruditi.

379 1187 617 1240 Praeterea
647 1184 807 1236 mirari
832 1183 983 1244 iubit,
1021 1182 1286 1235 Seldcnum
1313 1199 1517 1253 quoque
1553 1182 1673 1253 (qui
1693 1178 1807 1233 alias
1831 1177 1895 1231 de
1920 1178 1996 1233 his

308 1262 493 1324 Sacris,
528 1278 592 1314 ex
627 1259 842 1312 Grutero
866 1275 923 1310 ac
954 1256 1216 1319 haimafiO,
1265 1258 1386 1309 bene
1421 1273 1477 1307 ac
1512 1257 1643 1310 ῑεὲἶε
1666 1256 1864 1308 locutus
1890 1251 1996 1307 fue-

309 1335 408 1410 ra't)
435 1335 690 1389 Prudentii
714 1332 905 1386 versum
931 1332 1041 1394 (lib.
1076 1350 1117 1386 1.
1140 1345 1313 1385 contra
1338 1329 1726 1405 Symmachum)
1753 1328 1996 1383 Taurobo-

310 1415 395 1467 liis
409 1412 577 1480 sacris
603 1408 874 1480 applicare5
915 1407 1048 1461 hunc
1069 1425 1249 1480 nempe

451 1518 699 1588 Incaffum
726 1538 929 1591 arguere
945 1522 1060 1588 jam
1087 1520 1306 1574 Taurica
1333 1520 1491 1574 Sacra
1513 1521 1751 1589 fidemus,

378 1630 660 1703 Sequuntur
682 1629 811 1681 enim
835 1626 1023 1692 statim,
1061 1646 1172 1701 quae
1187 1627 1331 1681 istum
1345 1630 1470 1682 clare
1493 1628 1768 1700 explicent,
1793 1643 1996 1698 nempe:

455 1734 701 1790 Funditur
725 1733 978 1788 humanus
1009 1732 1211 1793 Latiali
1233 1737 1291 1788 in
1317 1753 1519 1788 munere
1533 1734 1769 1808 sanguis,

457 1808 801 1883 Confi’ffitsque
825 1808 906 1863 ille
926 1810 1227 1882 speHantum
1241 1809 1412 1877 solvit
1432 1809 1505 1863 ad
1524 1829 1667 1865 aram

457 1884 839 1955 Plzttonisfira
862 1897 989 1938 vota
997 1883 1115 1953 fiii,
1152 1887 1250 1937 ὅτε.

378 1991 539 2058 Quod
562 2006 725 2045 autem
757 1989 960 2045 Dianae
991 1990 1135 2045 Sacra
1170 1991 1478 2046 Taurobolia
1509 1993 1796 2054 attribuant,
1845 1990 1903 2046 fit
1928 2010 1992 2047 ex

308 2067 656 2139 lapidariorum
679 2067 829 2121 vitiis:
874 2081 930 2120 ut
954 2068 1042 2139 qui
1067 2085 1162 2139 pro
1200 2066 1533 2126 Taurobolt't's‚
1587 2068 1630 2121 B
1658 2070 1706 2121 in
1732 2067 1772 2119 P
1799 2083 1996 2120 mutan-

307 2156 379 2195 tes
408 2140 702 2212 Tauropolia
733 2140 872 2194 nobis
894 2141 1205 2214 confingunt.
1278 2140 1526 2197 Pertinent
1548 2145 1629 2198 illa
1653 2185 1669 2204 ,
1711 2143 1857 2211 igitur
1876 2179 1892 2205 ,
1928 2142 1994 2196 ad

307 2216 539 2272 Matrem
578 2216 810 2269 ‘Deorum
837 2222 886 2270 ὃς
919 2219 1174 2271 Attidem.
1252 2217 1435 2285 Qualia
1470 2238 1589 2273 vero
1621 2217 1705 2270 sub
1739 2215 1866 2268 hisce
1903 2235 1994 2269 no-

307 2290 518 2343 minibus
539 2307 735 2342 numina
760 2290 1000 2344 intellecta
1023 2289 1231 2352 fuerint,
1279 2294 1430 2345 docet
1455 2293 1764 2366 sequentibus
1792 2292 1864 2344 his
1889 2309 1992 2344 ver-

307 2365 380 2418 bis
404 2382 503 2417 non
526 2365 819 2417 inconcinne
839 2367 1122 2420 Macrobius
1155 2365 1300 2439 (Lib.
1328 2368 1366 2420 1.
1396 2385 1504 2438 cap.
1536 2363 1647 2438 21.)
1687 2366 1823 2439 <Qus
1862 2371 1992 2420 enim

306 2439 534 2511 ambigat
563 2440 786 2493 Matrem
808 2440 985 2495 Deum
1007 2455 1193 2496 terram
1220 2439 1434 2496 haberi?
1473 2441 1602 2494 Haec
1626 2442 1750 2494 ‘Dea
1773 2441 1989 2495 leonibus

304 2513 516 2568 vehitur
545 2514 740 2568 validis
764 2521 949 2586 impetu
975 2536 1037 2570 ac
1059 2515 1273 2587 fervore
1300 2517 1634 2578 animalib7153
1671 2533 1778 2589 qua?
1805 2527 1988 2570 natura

305 2588 414 2641 coelt
437 2587 530 2658 est,
568 2607 710 2660 cujus
731 2594 924 2643 ambitu
951 2593 1040 2644 ae'r
1063 2596 1340 2645 continetur
1367 2594 1454 2662 qui
1479 2590 1626 2645 vehit
1650 2604 1850 2645 terram.
1905 2591 1987 2638 So-

304 2663 400 2716 lem
430 2681 550 2718 vero
570 2665 669 2734 sub
694 2669 886 2720 nomine
913 2666 1120 2722 Attint's
1146 2677 1332 2721 ornant
1347 2664 1516 2735 fistuli
1551 2665 1612 2726 ὠ·
1650 2660 1822 2735 virga.
1899 2659 1988 2714 Fi-

1851 2734 1990 2809 stula
