2139 3100
120 147 218 200 DE
257 146 804 203 AGONOTHE’rrs
842 149 1140 205 PANEGY
1165 158 1783 230 RrARCH1S,&C.579

193 236 270 288 Ut
293 251 452 288 autem
480 237 686 310 Smyrna
710 238 817 293 suos
842 240 929 293 sibi
955 241 1162 294 habebat
1187 243 1396 312 Υμνωδές
1413 262 1433 303 ,·
1484 244 1547 298 fic
1573 244 1645 298 illi
1684 247 1788 317 (uti

119 311 278 364 modo
320 329 383 363 ex
425 314 659 383 exemplo
695 313 979 368 Polemonis
1018 315 1308 389 didicimus)
1348 318 1547 372 minime
1582 338 1644 373 ex
1677 321 1788 373 fece

118 385 255 456 vulgi
276 402 423 438 erant.
503 388 664 452 Quod
680 389 850 441 clarius
874 389 1035 442 adhuc
1057 408 1118 443 ex
1144 391 1234 444 hac
1240 393 1342 461 jam
1357 392 1576 465 sequenti
1621 395 1785 467 (apud

117 460 359 531 Sponium
373 460 477 514 Mis
479 462 587 514 cell.
602 479 712 535 pag.
735 478 757 527 3
769 479 789 533 5
801 480 854 533 4,
870 464 1186 539 reperiunda)
1210 466 1522 540 inscriptione
1536 469 1710 542 liquet:

674 640 941 679 ΒΡΗΣΕΙ
1090 644 1247 684 Alo·

776 745 962 782 ΝΥΣΩ
1040 747 1122 782 ΟΙ

769 849 1134 887 ΝΟΜΑΟΣ

692 951 1191 988 ΝΕΙΚΕΡΩΤΟΣ

530 1015 541 1028 ι
603 1048 746 1088 ΤΟΥ
903 1051 1297 1091 ΘΕΩΔΟΤΟΥ

749 1152 1140 1190 ΠΡΥΤΑΝΙΣ

674 1255 807 1292 ΚΑΙ
885 1255 1227 1294 ΥΜΝΩΔΟΣ

189 1369 285 1422 Iste
333 1387 510 1442 nempe
555 1368 867 1425 OEnomam
908 1367 1184 1423 Niceratus
1218 1367 1285 1424 ibi
1319 1367 1460 1430 fimul
1502 1374 1696 1446 Υμνωὲδς
1733 1394 1788 1431 ac

117 1442 198 1497 Pr
229 1449 364 1497 tanis
387 1459 499 1498 erat.

187 1464 377 1588 IyNTeque
415 1533 605 1570 tantum
631 1517 881 1587 Smyrnae,
922 1516 1137 1589 alibique
1173 1517 1222 1571 in
1247 1520 1469 1585 Graecia,
1505 1522 1794 1597 hujusmodi

115 1592 325 1659 Υμνωὲἳι,
366 1591 462 1643 five
482 1591 819 1660 Hymnologi,
843 1591 1169 1670 eminebant,
1207 1594 1528 1669 ipsorumque
1542 1600 1790 1673 Collegia,-

113 1665 195 1717 sed
223 1667 370 1717 etiam
407 1663 580 1717 Romae
608 1684 630 1724 ;
691 1663 814 1715 ficut
837 1664 891 1714 id
931 1677 1066 1733 patet
1094 1682 1157 1716 ex
1190 1666 1413 1739 sequenti
1451 1670 1792 1747 inscriptione,
1825 1703 1827 1705 ·

116 1756 226 1810 quae
256 1739 389 1810 apud
414 1739 686 1792 Gruterum
713 1754 827 1808 pag.
859 1737 986 1807 645⁴
1010 1736 1243 1794 habetur:

458 1872 543 1919 TI
599 1906 609 1916 .
720 1867 1096 1918 CLAVDIO
1227 1871 1444 1923 GLYP

462 1951 574 2001 TO
680 1946 1233 2002 HYMNOLOG‘O
1342 1957 1447 2008 DE

474 2032 759 2082 CAMPO
990 2033 1437 2086 CAELIMON

466 2116 695 2164 TANO
821 2114 1062 2163 VIXIT
1183 2116 1446 2165 ANNIS

471 2194 618 2245 XXV
653 2231 664 2244 .
727 2196 1071 2245 MENSIBVS
1134 2195 1254 2246 VIII
1290 2233 1300 2245 .
1361 2199 1448 2246 FE

479 2277 594 2326 CIT
642 2316 652 2326 .
720 2283 763 2328 L
804 2317 814 2328 .
892 2279 1218 2329 CEIONIVS
1266 2318 1276 2329 .
1349 2281 1454 2331 MA

578 2359 804 2410 GNVS
882 2360 1337 2411 FILIASTRO

679 2443 861 2490 BENE
928 2444 1263 2493 MERENTI

313 2514 460 2564 ET·
543 2519 648 2566 T·
738 2525 1088 2580 CLAVDIVS
1193 2522 1624 2576 CHRYSOCON

487 2605 802 2661 FRATRI
911 2613 1465 2664 PIENTISSIMO

930 2679 1128 2733 Dddd
1169 2699 1197 2734 2
1679 2675 1820 2748 Qm
