2139 3100
565 138 803 191 SACRI
852 132 1373 186 TAUROBOLII.
1777 152 1807 206 5

130 256 193 294 ex
223 235 418 309 Judaeis
458 232 734 288 mendicet:
785 229 845 288 ό
888 231 1025 303 impii
1064 227 1266 281 Galilaei
1295 242 1390 278 non
1415 223 1535 295 fiios
1562 225 1701 280 modo
1724 224 1819 296 fi’d

135 309 299 385 [NB]
341 309 401 368 ἔγ
425 308 606 378 nostros
630 324 818 380 quoque
840 304 982 359 alant
994 333 1013 367 ,-
1053 314 1111 356 ut
1139 300 1284 369 nostri
1308 299 1500 354 auxilio
1527 301 1660 370 quod
1676 319 1707 352 a
1730 320 1818 355 no-

132 387 212 440 bis
237 386 350 456 ipfis
377 382 520 455 ferri
557 382 757 442 debeat,
808 378 1011 445 destitui
1057 377 1344 431 videantur.
1433 372 1609 440 ‘Quare
1650 375 1817 430 doceto

124 462 372 533 gentiles,
411 461 467 510 in
492 455 727 528 ejufinodi
753 452 1026 523 ministeria
1046 454 1311 523 pecuniam
1344 446 1589 517 conferre,
1643 448 1705 506 dy»
1725 466 1819 521 pa-

129 551 227 606 gos
258 533 534 586 Gentilium
558 549 620 584 ex·
633 527 893 602 fruft'ibus
922 527 1054 580 ‘Diis
1080 521 1253 595 offerre
1281 525 1568 600 primitias,
1610 522 1672 581 (γ
1694 526 1822 598 ejus-

139 608 273 659 modi
299 604 631 673 beneficentiae
651 603 836 674 ‘officiis
863 599 1184 671 afficefacito‚
1216 600 1517 670 planumque
1539 597 1639 651 illis
1649 598 1821 669 facito

141 680 232 733 hoc
255 679 468 748 nostrum
502 680 618 734 olim
641 683 826 732 munus
840 675 1010 748 fuiffe.
1088 672 1232 728 Nam
1256 672 1510 726 Homerus
1543 672 1821 729 Eumenem

138 754 502 830 italoquentem
515 753 680 825 facit.

213 866 404 940 Hospes
410 867 468 939 st
482 867 656 939 nostris
681 861 961 934 succederet
984 860 1187 917 advena
1227 861 1378 916 teHis

216 945 393 1005 Vilior,
445 947 711 1013 acciperem
732 936 942 1012 placide.
1046 935 1179 991 Sunt
1219 937 1371 990 dives
1393 935 1635 1010 egensque

216 1020 277 1074 A
295 1017 437 1088 Jove
454 1040 469 1071 .·
533 1016 735 1072 Parum
759 1012 824 1088 est
849 1011 942 1065 hoc
980 1009 1017 1083 ζ
1013 1009 1217 1086 fateor)
1244 1010 1344 1079 sed
1362 1030 1541 1065 munus
1555 1016 1794 1072 amicumi

218 1140 397 1213 Neque
426 1142 585 1212 igitur
604 1139 965 1213 permittamus
987 1137 1114 1191 alios
1136 1136 1399 1206 nostrorum
1423 1141 1712 1195 imitatione
1746 1139 1829 1192 bo-

149 1234 325 1270 norum
352 1217 495 1269 nobis
522 1214 716 1268 laudem
733 1211 1014 1285 Praeripere
1029 1225 1088 1267 ut
1101 1213 1197 1284 ipfi
1212 1226 1415 1285 propter
1425 1213 1706 1282 socordiam
1723 1227 1832 1267 tur-

143 1287 453 1360 pitudine&
476 1287 694 1358 infamia
718 1284 1011 1355 afficiamur.
1085 1288 1194 1340 Imo
1215 1291 1380 1359 potius
1407 1307 1468 1341 ne
1489 1293 1734 1361 pietatem
1760 1303 1834 1339 er-

144 1381 221 1432 ga
242 1361 386 1412 Deos
402 1366 608 1431 penitm
627 1363 834 1429 prodere
870 1360 1149 1413 videamur.
1228 1359 1384 1425 Quod
1403 1362 1453 1429 fi
1482 1375 1533 1415 te
1558 1364 1649 1433 ista
1662 1362 1835 1429 sedulo

156 1434 288 1486 obire
313 1448 538 1500 accepero
573 1432 803 1488 maxima
807 1434 934 1500 sane
957 1433 1143 1487 laetitia
1153 1433 1384 1504 gestiam.
1464 1436 1710 1506 Praefides
1745 1438 1835 1491 do·-

152 1512 228 1560 mi
251 1506 362 1558 raro
388 1507 589 1573 invisas
604 1526 624 1556 .-
663 1507 756 1571 led
775 1506 972 1568 scribas
995 1505 1069 1557 ad
1101 1523 1178 1556 eos
1202 1507 1664 1580 literassaepiffi'me.
1742 1513 1834 1565 In-

140 1578 487 1651 gredientibus
509 1577 613 1629 illis
639 1578 697 1628 in
720 1575 887 1627 urbem
902 1609 918 1635 ‚
959 1593 1100 1629 nemo
1107 1575 1343 1644 sacerdos
1369 1581 1575 1636 obviam
1595 1585 1838 1657 prodeat,

150 1650 244 1729 nist
264 1651 460 1724 quando
481 1651 552 1702 ad
568 1647 755 1722 templa
781 1648 1015 1704 ‘Deorum
1036 1651 1280 1705 accedunt
1294 1688 1310 1714 ,
1336 1655 1507 1722 solum
1528 1660 1667 1714 intra
1689 1659 1840 1729 vesti-

152 1726 283 1780 bula.
359 1723 439 1778 Et
477 1725 730 1778 intrantes
769 1721 939 1776 nullus
976 1724 1119 1778 miles
1146 1729 1394 1798 praecedat
1422 1753 1438 1783 .·
1476 1732 1725 1805 sequatur
1750 1753 1840 1790 an·

151 1813 254 1855 tem
289 1802 377 1875 qui
413 1798 548 1852 vult.
651 1796 795 1851 Nam
821 1795 978 1865 fimul
1003 1811 1061 1853 ut
1103 1800 1387 1873 ingreditur
1426 1805 1581 1860 limen
1615 1807 1839 1869 delubri,

146 1877 349 1947 privati
367 1871 815 1947 personaminduit.
854 1871 1112 1945 Siquidem
1125 1875 1256 1946 ipse,
1295 1888 1353 1930 ut
1369 1879 1524 1948 nosti,
1565 1880 1648 1935 his
1660 1885 1841 1956 quiin-

151 1949 400 2018 tmsunt‚
440 1961 630 2018 praees,
659 1958 915 2019 propterea
950 1946 1084 2021 quod
1118 1948 1302 2003 divina
1327 1954 1410 2005 lex
1447 1953 1580 2009 illud
1596 1957 1838 2029 postulat.

152 2022 231 2076 Et
258 2026 343 2095 qui
367 2021 462 2076 tibi
478 2022 806 2093 parentfitnt
829 2040 1006 2075 revera
1011 2024 1109 2095 pii:
1124 2026 1214 2096 qui
1226 2039 1395 2080 autem
1411 2041 1519 2100 prae
1545 2038 1839 2105 arrogantia

152 2096 370 2166 refistunt
385 2132 401 2158 ,
439 2095 757 2167 ostentatores
766 2096 896 2166 sunt
921 2094 984 2154 &
1007 2099 1179 2151 inanis
1193 2099 1369 2171 gloriae
1391 2116 1693 2176 appetentes,

226 2171 413 2226 Verum
445 2173 578 2224 enim
613 2189 732 2225 vero
765 2170 909 2244 quod
947 2172 1141 2245 majoris
1172 2173 1284 2245 ipfis
1317 2176 1573 2232 videbatur
1597 2184 1842 2238 momenti

161 2258 286 2308 erat,
321 2260 375 2299 ut
393 2247 610 2301 aemulati
631 2264 796 2301 veram
829 2244 1223 2301 Christianorum
1262 2254 1599 2322 expiationem
1632 2276 1720 2330 per
1739 2259 1843 2313 san.

159 2318 355 2388 guinem
377 2319 618 2375 salvatoris
654 2319 803 2375 nostri
820 2319 938 2395 Jesu
974 2320 1188 2384 Christi,
1229 2328 1568 2400 excogitarent
1600 2337 1842 2405 expiatio..

161 2409 304 2453 nem,
349 2394 451 2448 imo
473 2399 955 2471 &regenerationem
989 2397 1271 2467 mysticam:
1308 2420 1409 2473 qua
1421 2402 1602 2458 scilicet
1623 2409 1842 2479 &ipfiin

161 2479 395 2520 aeternum
417 2486 813 2544 regenerarentur.
901 2472 1243 2527 Inaudiverant
1267 2479 1457 2550 quippe
1486 2481 1585 2546 jam
1608 2501 1635 2535 a
1667 2483 1842 2553 primis

164 2539 514 2598 Christianismi
534 2547 832 2600 incunabulis
843 2584 861 2611 ‚
898 2547 962 2601 ab
985 2547 1103 2619 ipfis
1123 2547 1444 2616 Christiani8‚
1488 2553 1585 2609 five
1621 2560 1844 2633 martyri.

161 2613 276 2680 bus,
313 2615 574 2676 fiveetiam
586 2622 863 2694 Apostatis,
901 2622 1147 2677 interillos
1159 2631 1531 2697 quammaxime
1557 2632 1844 2704 praedicari,

953 2699 1001 2753 A
1035 2715 1062 2771 3
1757 2725 1846 2764 ex=
