2139 3100
599 171 830 226 SACRI
881 165 1394 223 TAUssononu.
1709 181 1807 238 119

197 272 326 339 Qiae
361 267 427 319 ita
453 265 514 319 ab
538 260 882 317 Eruditifiimo
919 258 1176 327 Reinesi0‚
1210 258 1322 311 licet
1349 254 1500 330 paulo
1535 252 1783 312 obscurius
1795 296 1814 323 2

124 358 376 401 vertuntur
391 362 402 394 :

275 529 416 583 Unus
437 523 655 606 quinque
678 519 941 592 decemque
963 522 1167 585 virum,
1212 520 1491 596 Phoebique
1503 520 1740 587 fizcerdos

269 602 369 655 Sub
382 598 552 668 serta,
598 594 859 662 Crescens,
901 592 1197 669 Sapiensque
1224 597 1493 658 Leontius,
1529 600 1630 650 oris

330 674 482 727 Alter
508 670 569 723 ab
592 669 722 725 Eoi's
738 705 755 732 ‚
795 669 925 723 alter
950 671 1014 724 ab
1038 671 1292 755 Hesperiis
1307 710 1324 735 ‚

272 746 386 803 Unci
413 743 701 802 cunc‘lorum
725 744 1021 798 celebrantes
1044 750 1183 817 orgia
1209 747 1401 800 Matris

269 822 458 885 Rheae,
505 819 724 873 Crtobolt'
764 817 1137 873 FESTJS
1190 818 1813 890 SACRISQUE

462 895 529 950 D
553 896 590 949 I
606 895 659 948 E
686 892 735 945 B
765 891 822 944 U
836 890 877 943 S

269 971 557 1037 Tauroboli‚
591 968 754 1022 altare
780 965 870 1019 hoc
893 969 1187 1040 constituere
1197 970 1362 1045 fitper.

198 1167 274 1222 Ita
308 1181 520 1239 namque
543 1163 689 1218 verba
715 1178 956 1218 ΗΜΑΣΙ
993 1176 1577 1253 ΜΥΣΤΟΠΗΟΛΟΙΣ,
1614 1184 1726 1238 quae
1754 1167 1802 1220 in

121 1241 299 1296 ultimo
332 1242 472 1313 hujus
501 1239 724 1292 carminis
747 1238 885 1294 versu
919 1254 1206 1301 occurrunt,
1246 1239 1451 1293 minime
1481 1239 1616 1292 aliud
1649 1240 1805 1294 solen-

121 1334 183 1368 ne
219 1316 481 1389 quoddam
526 1312 707 1369 festum
757 1313 1043 1386 respiciunt,
1082 1313 1164 1367 sed
1193 1313 1300 1367 dies
1336 1313 1476 1377 illos,
1515 1313 1613 1367 slve
1646 1316 1805 1388 plures

121 1390 218 1442 five
261 1393 510 1461 pauciores
535 1406 774 1453 numer0,
813 1408 898 1462 per
922 1407 1049 1462 quos
1074 1389 1173 1443 hoc
1194 1389 1397 1443 Sacrum
1434 1389 1500 1460 (ss
1540 1407 1640 1442 non
1679 1390 1804 1443 sem-

121 1481 208 1534 per
231 1501 247 1526 ,
316 1465 585 1536 aliquando
615 1462 815 1536 saltem)
866 1466 1178 1517 continuatos
1223 1462 1569 1533 perdurabat,
1641 1465 1802 1539 defig-

118 1552 246 1590 nant.

192 1611 286 1662 Uti
319 1623 484 1662 autem
509 1609 593 1662 hic
621 1611 720 1663 Ara
747 1611 846 1683 jam
883 1609 980 1661 istis
1007 1608 1406 1662 Consecrationis
1436 1609 1607 1663 diebus
1644 1611 1804 1684 pofita

116 1683 341 1744 videtur,
379 1683 443 1734 fic
467 1684 520 1735 id
543 1702 641 1736 non
667 1684 736 1736 ita
758 1684 947 1754 {emper
970 1683 1138 1737 locum
1165 1683 1408 1746 habuisse,
1444 1684 1621 1757 aliquis
1646 1688 1799 1758 conji-

116 1759 250 1820 ciat,
287 1775 350 1811 ex
383 1757 463 1811 illa
498 1757 843 1829 inscriptione,
892 1776 1044 1831 quam
1082 1778 1212 1812 nunc
1256 1758 1472 1814 afferam.
1551 1761 1798 1827 Qlamvis

117 1833 318 1886 minime
345 1846 572 1904 appareat
597 1850 812 1904 quanam
847 1835 909 1888 de
933 1833 1072 1887 causa
1098 1849 1290 1889 tantum
1315 1834 1554 1906 temporis
1584 1833 1793 1905 spatium
1845 1865 1847 1869 ·

116 1906 235 2033 {iter
282 1908 483 1962 Sacrum
530 1906 746 1973 factum,
783 1913 834 1963 &
867 1927 959 1964 arae
1004 1908 1402 1974 dedicationem,
1452 1909 1795 1964 intercurrerit

162 1981 201 2035 st
233 1998 395 2038 autem
434 1983 571 2039 haec·

1610 2659 1679 2714 D.
1723 2661 1790 2715 D,
