2139 3100
372 149 473 203 DE
512 141 1355 202 PONTIF.MAXIM·V1C.
1390 150 1490 201 ὅτε.
1684 160 1789 215 179

246 241 381 296 Sunt
409 240 596 303 Sacra,
636 235 835 313 quando
861 236 1152 311 vosmetipsi
1167 241 1402 295 exciditis
1419 277 1436 304 ,

239 319 460 371 Votivus
490 313 552 373 &¹
580 333 690 368 cum
714 314 929 366 membra
952 314 1216 371 detruncat
1244 315 1393 370 dolor.

238 390 476 444 Cultrum
502 392 556 440 in
579 390 788 442 lacertos
810 387 996 454 exserit
1008 387 1281 458 fanaticus
1297 426 1311 447 .

205 522 213 533 ,
245 464 502 537 Sec‘t'isque
531 461 759 516 Matrem
786 461 1035 515 bracchiis
1053 463 1236 534 placat
1257 463 1436 517 ‘Deum
1453 500 1471 526 ,

242 537 430 592 Furere
453 555 513 589 ac
553 539 715 589 rotari
727 537 815 606 jus
833 548 1056 606 putatur
1083 537 1353 608 mysticum.

244 612 425 666 Parca
453 611 526 664 ad
526 610 799 679 ftcandum
821 610 1005 666 dextra
1017 610 1195 682 fhrtur
1220 615 1408 688 impia,

246 687 440 740 Coelum
469 699 684 739 meretur
707 687 973 739 vulnerum
996 688 1278 742 crudelitas.

314 761 410 831 Ast
436 760 524 814 hic
547 763 776 814 metenda
806 762 1002 814 dedicat
1025 763 1304 834 genitalia,

238 834 454 891 Numen·
475 837 620 901 reciso
645 839 888 907 mitigans
915 836 978 888 ab
1011 841 1240 907 inguine,
1270 872 1278 882 ·

243 908 415 979 Offert
430 906 722 981 pudendum
744 911 953 976 semivir
976 911 1156 963 donum
1178 910 1307 966 Deae

243 984 398 1037 Illam
424 983 627 1048 revulsa
655 985 914 1052 masculini
924 988 1171 1057 germinis

245 1059 385 1114 Vena
406 1057 630 1128 effluenti
646 1060 811 1129 pastit
837 1061 1036 1112 auctam
1046 1059 1317 1131 sanguine.

317 1132 537 1204 Vterque
551 1133 709 1200 flexus
732 1132 1005 1197 sanfft'itati
1028 1135 1281 1205 displicet,

247 1207 481 1261 Medium
503 1218 721 1260 retentat
747 1212 874 1261 inter
899 1211 1150 1262 alternum
1163 1225 1360 1283 genus:

245 1280 383 1335 Mas
404 1280 498 1349 csse
521 1280 674 1351 cessat
700 1283 813 1342 ille,
856 1281 1028 1351 necfit
1045 1283 1279 1347 foemina.

248 1352 406 1409 Felix
427 1355 660 1409 Deorum
683 1355 864 1410 Mater
889 1358 1127 1411 imberbes
1134 1359 1238 1428 fibi

248 1426 421 1482 Parat
446 1431 692 1498 ministros
724 1432 943 1483 laevibus
968 1433 1254 1484 novaculis.

311 1502 462 1574 Qtd
503 1520 656 1625 qZum
705 1501 770 1630 {J
758 1505 817 1553 A
832 1503 879 1553 C
889 1502 942 1553 R
958 1503 1017 1551 A
1027 1502 1097 1553 N
1101 1502 1165 1553 D
1180 1503 1278 1559 VS
1322 1504 1512 1573 accipit
1545 1503 1790 1577 sphragi-

490 1587 536 1627 ΐΖ
573 1592 635 1627 M
651 1608 669 1635 2
773 1592 816 1626 C.

167 1720 413 1790 Qiamvis
439 1721 588 1792 igitur
609 1719 745 1772 dicat
756 1719 1377 1796 NazianzenusJulianum
1401 1727 1685 1787 initiationi‚
1715 1725 1793 1778 seu

91 1796 441 1853 consecrationi
468 1794 501 1867 ξ
507 1813 592 1867 per
613 1813 768 1867 quam
806 1795 1114 1867 Baptismum
1143 1799 1483 1853 Christianum
1522 1800 1787 1872 intelligit)

93 1873 418 1930 initiationem
484 1869 565 1923 seu
639 1870 1056 1925 consecrationem
1129 1874 1367 1944 gentilem
1428 1881 1477 1929 ὃς
1542 1875 1790 1928 sordidam

91 1966 152 2003 ac
174 1946 382 2021 quidem
406 1963 491 2018 per
517 1943 831 2019 sanguinem,
879 1944 1190 2019 opposuisse5
1243 1967 1345 2002 non
1372 1965 1535 2003 tamen
1574 1951 1690 2003 ideo
1716 1948 1793 2001 di-

95 2022 164 2077 cit
188 2025 347 2094 ipsum
374 2019 630 2094 Baptismo
657 2021 943 2076 Christiano
972 2020 1279 2092 Baptismum
1317 2043 1402 2096 per
1423 2024 1792 2079 Taurobolium

99 2097 414 2169 opposuisse:
477 2097 560 2149 sed
597 2099 791 2151 tantum
824 2098 970 2151 Sacra
1004 2098 1143 2151 illum
1177 2098 1332 2152 Sacris
1371 2100 1684 2173 opposuisse,
1736 2102 1791 2150 &

102 2186 338 2242 quatenus
355 2171 437 2226 illa
460 2189 548 2244 per
569 2171 850 2245 sanguinem
885 2172 1099 2225 effusum
1129 2171 1326 2229 fierent:
1371 2193 1428 2228 ac
1456 2175 1698 2248 siquidem
1729 2171 1793 2225 ad

107 2245 402 2301 Taurobolia
425 2246 571 2300 Sacra
597 2247 884 2319 respexerit,
933 2263 1065 2320 patet
1082 2247 1468 2304 Nazianzenum
1498 2251 1701 2304 minime
1721 2249 1794 2301 in-

109 2319 302 2383 dicare,
337 2320 470 2379 hunc
486 2321 643 2393 ipsum
664 2324 1259 2396 JulianumistudSacrum
1282 2323 1531 2398 suscepiffe
1548 2356 1565 2389 ,-
1608 2323 1793 2376 multo-

113 2409 211 2523 ἕω
238 2394 393 2446 minus
428 2412 541 2448 eum
576 2416 663 2469 per
701 2399 825 2453 illud
877 2399 1172 2453 Pontificem
1225 2404 1511 2456 Maximum
1547 2398 1687 2453 fuisse
1725 2395 1796 2449 fa-

169 2485 270 2520 um.
492 2512 494 2514 ,

193 2540 382 2615 Neque
423 2543 548 2598 ullus
583 2565 753 2605 eorum
785 2550 876 2624 qui
907 2566 1077 2604 contra
1104 2549 1388 2624 Julianum,
1443 2550 1554 2622 post
1587 2563 1799 2601 mortem

119 2615 294 2689 ipsius,
334 2617 589 2691 scripsere,
626 2625 782 2692 hane,
813 2625 920 2681 eive
945 2626 1150 2680 similem
1174 2625 1271 2682 five
1306 2626 1656 2688 initiationem,
1706 2622 1804 2675 sive

955 2702 1004 2754 Z
1046 2721 1073 2753 2.
1690 2714 1812 2751 con-
