2139 3100
262 195 366 256 226
659 193 1147 250 D1SSERTAT10
1185 187 1542 245 Szcuuna

268 299 546 344 occurrunt.
616 287 768 339 Sicuti
792 299 890 334 non
914 293 1105 335 tantum
1125 279 1247 335 illud
1276 301 1333 343 Β,
1373 288 1422 337 &
1450 300 1511 346 1¹3
1549 280 1629 336 seu
1658 281 1817 338 Bis&
1845 296 1942 340 ter.

278 378 324 413 1.
341 377 382 414 e.
423 359 678 422 Secunda,
717 375 772 408 ac
794 355 948 407 tertia
973 354 1121 408 vice:
1159 372 1328 410 verum
1355 357 1465 424 (nisi
1492 374 1572 410 me
1595 358 1836 410 memoria
1858 357 1947 411 fal-

272 434 361 504 lit)
393 436 576 488 obla-va
600 436 711 483 vice
737 445 816 480 me
844 428 908 481 de
932 426 1191 482 Hadriano
1219 430 1443 496 Caesare,
1475 432 1610 504 apud
1632 431 1948 486 Harduinum

276 507 438 580 legisse
460 504 670 559 memini.

354 580 443 635 Ne
469 596 581 630 vero
607 576 782 649 aliquis
816 575 901 651 (ut
923 596 986 631 eo
1009 578 1163 633 rursus
1187 579 1404 652 redeam)
1439 582 1609 636 anxius
1647 578 1823 633 haereat
1843 616 1858 643 ,
1894 596 1952 632 ac

277 655 498 714 dubitet,
546 670 607 706 an
640 652 768 706 istud
803 673 836 706 A
857 673 952 707 Px.
1006 671 1055 706 A.
1108 673 1221 710 vere
1253 654 1444 732 οἷ’ςχονπι
1480 664 1644 734 neuim
1698 655 1951 728 designet,-

275 727 492 781 reflectat
517 726 691 780 oculos
724 727 787 779 ad
821 746 1085 781 nummum
1122 730 1210 784 sub
1248 734 1326 784 M.
1352 734 1556 787 Aurelio
1590 729 1781 783 Caesare
1819 728 1955 800 apud

276 799 679 872 Aphrodifienses
713 801 921 865 cusum3
971 818 1026 856 ut
1057 804 1109 856 in
1140 824 1245 878 quo
1280 806 1385 860 haec
1421 807 1794 878 exprimuntur:
1852 823 1947 858 TI.

282 890 526 932 zHAor
576 894 896 933 ΠΡΩΤΟΥ.
961 891 1119 934 Apx.
1170 897 1249 934 ΛΦ
1272 897 1410 935 ΡοΔ
1434 895 1713 935 ICIEON.
1794 879 1954 948 Qae-

276 968 375 1024 que
417 953 588 1024 [quod
614 970 732 1024 pace
751 954 800 1026 J.
831 954 1131 1019 Vaillantii,
1169 956 1259 1028 qui
1280 973 1359 1007 me
1382 956 1530 1017 alias,
1568 956 1695 1007 circa
1710 952 1825 1005 talia
1848 956 1953 1006 lon-

277 1046 340 1095 ge
374 1029 529 1098 magis
564 1025 671 1080 sane
703 1028 944 1088 eruditus,
986 1048 1043 1082 ac
1079 1029 1448 1092 versatissimus,
1492 1027 1589 1102 est]
1632 1026 1761 1082 reece
1796 1030 1957 1079 minus

275 1116 557 1165 vertuntur,
602 1101 717 1156 tho
753 1103 884 1158 Zelo
907 1104 1082 1158 Primo
1119 1103 1167 1157 P
1183 1105 1231 1158 O
1247 1104 1504 1160 NTIFI
1520 1104 1630 1158 CE
1669 1101 1958 1173 stphrodi-

269 1175 525 1247 fiel-fiam,
570 1177 618 1229 in
645 1177 818 1250 Lydia.
896 1179 1035 1232 Cum
1063 1177 1164 1249 ipse
1195 1181 1270 1235 vir
1306 1179 1676 1247 Celeberrimust
1701 1174 1960 1249 agnoscat,

275 1250 675 1319 Aphrodisienses
708 1253 770 1304 ab
801 1253 1137 1307 Archontibus
1178 1253 1319 1308 fuisse
1351 1256 1684 1328 gubernatos3
1744 1250 1962 1323 indeque

275 1324 377 1394 ipse
399 1327 547 1379 alium
571 1345 831 1380 nummum
863 1328 950 1381 sub
978 1329 1168 1385 Severo
1196 1328 1370 1383 cusum
1402 1348 1522 1383 cum
1556 1328 1648 1381 hac
1687 1326 1962 1398 inscriptio-

277 1418 493 1455 ne:En1
529 1420 679 1456 Apx.
708 1421 1342 1461 CKPEIBQNIANOT
1374 1417 1960 1460 ΑΦΡΟΔΕῙΟΙΕΩΝ

275 1488 459 1536 vertat,
510 1475 612 1528 Sub
648 1474 910 1531 Archonte
949 1479 1280 1534 Scriboniano
1295 1499 1317 1540 ;
1361 1495 1512 1553 atque
1546 1478 1697 1532 alium
1742 1478 1963 1549 denique

276 1549 346 1598 ita
403 1546 689 1617 inscriptum
751 1565 853 1601 En.
917 1567 1066 1605 Apx.
1135 1570 1550 1608 IOTAIANOY
1611 1571 1694 1607 ΛΦ
1715 1566 1962 1605 POAEI-

280 1637 316 1671 c
339 1640 355 1672 1
377 1638 406 1671 E
425 1637 466 1674 Ω
483 1638 520 1672 N
561 1619 663 1673 Sub
686 1619 986 1680 LArchonte
1006 1621 1224 1689 Juliano
1247 1626 1692 1695 Aphrodtfienstum
1718 1628 1775 1675 in
1799 1624 1961 1693 Lydia

280 1707 632 1764 interpretetur.

349 1766 531 1821 Fateor
563 1767 799 1839 equidem
840 1767 889 1819 in
921 1765 1006 1820 ista
1026 1768 1354 1824 abbreviatum
1391 1786 1474 1822 Ap
1493 1788 1544 1822 x.
1581 1767 1850 1839 aliquando
1886 1773 1958 1823 in..

279 1843 608 1904 cettume-ffe,
631 1859 692 1893 an
715 1841 970 1913 αἷρχιερεδς,
1006 1861 1066 1896 an
1079 1862 1196 1897 vero
1217 1844 1369 1917 ἅρχων
1403 1842 1671 1914 legendum
1707 1843 1785 1897 fit:
1827 1846 1958 1898 unde

278 1920 329 1972 ὃ(
357 1917 660 1987 quandoque
693 1918 763 1969 ilii
797 1917 966 1988 magni
1005 1918 1128 1981 viri,
1163 1937 1219 1972 ac
1245 1919 1314 1971 rei
1347 1917 1710 1970 numismatariae
1732 1920 1956 1988 peritiffi-

278 1992 378 2058 mi,
413 2008 503 2044 nec
530 1991 650 2043 inter
684 1988 730 2043 se
757 1990 1092 2054 concordant,
1130 2011 1220 2046 nec
1246 1992 1550 2064 sibimetipsis
1578 1988 1684 2044 satis
1714 1991 1954 2048 constant.

279 2063 440 2131 Quod
464 2065 573 2117 sane
602 2064 804 2118 minime
828 2066 1134 2133 mirandum3
1171 2084 1286 2122 cum
1306 2066 1374 2120 ob
1407 2066 1535 2130 hoe,
1571 2064 1714 2139 quod
1749 2067 1958 2140 ἀρχιερεῖς

279 2152 384 2201 tarn
423 2156 547 2210 pene
578 2139 761 2212 ubique
794 2141 963 2194 locum
998 2141 1271 2197 obtinerent
1292 2183 1313 2204 ,
1370 2141 1493 2196 ficut
1529 2142 1674 2194 etiam
1712 2142 1957 2215 ἄρχοντεςς

280 2226 392 2274 tum
424 2213 566 2285 quod
600 2214 649 2265 in
680 2217 893 2269 nummis
929 2216 1105 2281 literae,
1157 2216 1335 2291 quibus
1367 2216 1538 2270 clarius
1573 2216 1624 2268 hi
1645 2215 1707 2268 ab
1741 2218 1957 2272 invicem

280 2287 596 2345 discriminari
639 2289 831 2360 possent
858 2332 878 2354 ,
939 2293 1241 2368 quandoque
1294 2292 1464 2364 injuria
1511 2305 1796 2364 temporum
1840 2308 1959 2348 exe-

277 2359 340 2419 sae
382 2361 489 2426 fiat..

353 2437 521 2511 Qu.er
541 2439 690 2510 porro
711 2439 774 2494 ad
796 2440 957 2511 πρίὶπν
983 2437 1168 2515 aimon&-
1189 2441 1394 2506 attinet,
1439 2442 1565 2496 clare
1596 2442 1635 2496 is
1669 2440 1958 2513 exprimitur

277 2510 333 2564 in
366 2512 458 2575 hac
490 2511 707 2588 sequenti
741 2514 1050 2590 inscriptione
1064 2548 1083 2584 ,ς
1122 2516 1204 2571 ubi
1242 2520 1294 2573 Sc
1333 2518 1375 2571 is
1414 2517 1679 2573 secundum
1720 2531 1927 2591 quoque
1937 2549 1957 2577 ‚

278 2584 360 2639 seu
403 2586 614 2655 secunda
651 2590 799 2657 vice,
846 2594 1088 2670 regimine
1112 2589 1210 2652 isto
1240 2589 1435 2650 funestus
1495 2592 1752 2649 exhibetur
1772 2630 1796 2654 ,
1853 2588 1955 2642 hoc

280 2661 463 2719 modo:

1725 2755 1762 2794 A
1776 2755 1811 2795 Υ
1829 2754 1867 2794 Τ
1884 2755 1920 2794 0
1931 2770 1947 2785 ·
