2139 3100
337 171 466 206 roz
755 149 852 200 DE
891 145 1361 197 ORIGINx-:AC
1402 142 1730 199 Rrrnaeus

357 247 510 317 nique
544 241 881 308 afflantibus,
921 250 1004 287 aut
1041 236 1089 286 in
1126 233 1495 296 testimonium,
1533 249 1617 286 aut
1652 236 1850 291 honoris
1875 240 2041 304 causa,

361 337 511 391 atque
536 318 599 368 ad
627 317 855 384 majorem
880 312 948 362 rei
970 325 1212 380 pompam
1237 324 1319 361 aut
1353 310 1709 372 celebritatem,
1747 311 1827 364 vel
1850 331 1913 366 ex
1935 317 2038 369 aliis

364 394 514 446 cautis
552 389 673 441 mihi
723 384 998 454 incognitis,
1114 384 1358 449 Quamvis
1407 383 1683 437 existimem
1709 421 1734 447 ,.
1782 384 1868 437 ubi
1915 406 2038 443 unus

362 482 548 521 tantum
575 463 772 520 aderat,
823 458 961 511 illum
996 459 1212 514 eundem
1248 464 1299 512 δε
1337 461 1491 513 verba
1530 459 1811 529 praeiviffe.
1863 462 1914 512 δε
1939 466 2038 515 im-

362 540 563 609 molasse
584 570 599 595 ,
648 536 728 584 {eu
764 531 1113 588 Taurobolium
1138 533 1316 605 feczffe
1343 556 1358 588 .·
1396 535 1496 586 ’1ὼὶ
1530 534 1648 586 vero
1688 536 1792 587 duo
1825 534 2042 589 adessent

361 632 515 668 unum
541 609 686 661 verba
710 608 975 678 praeiviffe,
1009 608 1213 660 alterum
1239 627 1357 661 vero
1381 608 1665 662 immolasse.
1739 608 1852 662 Nisi
1884 607 2045 664 forsan
2090 664 2094 669 ,

359 690 443 742 ubi
472 687 630 757 plures
656 684 803 736 essent
836 681 1180 746 consecrandi,
1217 700 1297 737 εκ.
1322 701 1396 756 gr.
1422 684 1527 736 duo
1561 684 1662 756 (uti
1688 684 1741 737 id
1766 684 1815 736 in
1848 684 2047 757 inscrip-

358 762 571 815 tionibus
606 775 812 830 qnoque
848 756 1151 830 reperimus)
1194 758 1265 810 illi
1311 776 1440 811 nunc
1471 759 1621 811 ambo
1672 776 1757 830 per
1802 760 2044 823 unicum,

359 853 490 889 nunc
514 833 688 906 singuli
712 851 798 903 per
824 829 1042 885 diversos
1067 832 1353 886 Sacerdotes
1374 831 1468 884 sese
1498 833 1672 886 initiari
1700 834 1935 887 curarint:
1976 835 2044 888 ita

359 925 413 964 ut
438 910 472 963 fi
496 925 586 962 tres
613 908 752 960 simul
773 907 826 959 id
850 906 1033 961 sacrum
1067 907 1367 978 acciperent,
1405 906 1580 980 singuli
1604 909 1750 959 etiam
1786 910 2047 980 proprium

358 987 422 1039 ad
448 986 498 1037 id
524 983 822 1036 sacerdotem
847 982 932 1036 fibi
956 982 1203 1035 haberent.
1247 981 1312 1034 fic
1338 999 1554 1053 namque
1579 982 1723 1034 inilia
1745 982 1921 1053 Sponii
1946 1002 2050 1036 me-

360 1077 549 1114 morata
565 1058 878 1129 inscriptione
889 1069 995 1111 tres
1008 1071 1295 1127 comparent
1311 1094 1327 1121 ,
1342 1057 1615 1128 Dagidius
1631 1055 1862 1117 Marius,
1878 1059 2050 1112 Verul-

363 1137 435 1191 lia
452 1135 701 1190 Martina
711 1168 728 1195 ,
768 1130 831 1190 &
847 1131 1092 1187 Verrullia
1109 1131 1321 1188 Marta:
1348 1132 1537 1204 quibus
1550 1130 1843 1202 respondent
1856 1130 2052 1201 Junius

362 1209 545 1275 Titus,
584 1208 862 1273 Castricius
888 1206 1111 1277 Zosimio
1137 1211 1187 1260 &
1216 1207 1453 1262 Blattius
1481 1205 1769 1266 Paternus,
1814 1204 1959 1258 verba
1978 1204 2056 1258 >ad

329 1308 332 1310 ·
359 1285 686 1337 initiationem
717 1282 1007 1354 pertinentia
1043 1297 1340 1353 praeeunteS,
1378 1300 1436 1335 ac
1466 1279 1611 1334 simul
1649 1277 1762 1351 post
1795 1279 2058 1333 immolan-

361 1373 467 1424 τες,
504 1359 605 1413 five
629 1375 716 1430 per
737 1357 1137 1416 immolationem.
1154 1357 1413 1411 initiantes,
1492 1353 1612 1408 Post
1631 1370 1760 1427 quos
1794 1372 2055 1409 numeran-

361 1448 438 1487 tur
459 1471 475 1498 ,
507 1432 784 1487 -Fabritius
805 1431 1078 1504 .Orphttus
1114 1432 1177 1491 ὠ·
1213 1436 1381 1487 caeteri
1418 1430 1707 1500 sa'cerdotes
1752 1428 2048 1499 adststentes.

363 1508 507 1561 Nam
531 1506 674 1578 quod
700 1506 975 1558 notandum
999 1507 1134 1558 duco
1143 1544 1161 1569 ,
1194 1508 1317 1560 illud
1344 1506 1458 1558 ET
1501 1505 1646 1576 quod
1684 1506 1807 1557 inter
1855 1503 1971 1558 VO
1987 1505 2053 1559 C.

365 1587 414 1634 ὃ(
454 1581 496 1633 F
514 1585 557 1633 A
577 1580 615 1630 Β
631 1577 895 1630 RICIO
936 1578 1153 1647 positum
1178 1578 1254 1634 ‚est
1286 1580 1354 1629 ibi
1388 1579 1797 1647 supervacaneum
1837 1577 1931 1638 est,
1969 1596 2055 1640 ae,

365 1656 396 1708 si
423 1654 546 1725 quid
565 1652 784 1722 judicare
810 1649 955 1703 valeo
980 1667 1045 1703 ex
1067 1668 1227 1704 errore
1249 1649 1445 1722 irrepsit.
1522 1649 1764 1721 Adeoque
1789 1648 2056 1721 legendum

363 1728 572 1782 VOC.
617 1725 1073 1779 seuvocontiorum.
1113 1724 1563 1779 FABRICIO.
1604 1725 1722 1777 ΘΚ
1742 1724 2052 1779 ΡΗΙΤΟ.

363 1801 688 1857 LIBERI.
746 1798 1083 1852 PATRIS.
1120 1799 1180 1853 *E
1208 1799 1278 1854 T.
1331 1798 1737 1852 CETERIS.
1794 1800 1841 1850 A
1866 1798 1918 1848 D
1952 1799 1984 1851 S
2010 1801 2059 1853 1.

363 1872 1671 1932 STENTIBUS.SA.CERDOT1BUS.
1767 1873 1851 1925 De
1895 1873 2057 1941 cujus..

365 1952 507 2007 modi
537 1948 881 2019 Affistentt'bus
901 1946 1074 2000 adhuc
1099 1945 1224 2000 infra
1243 1946 1434 2017 aliquid
1461 1947 1641 2010 dicam.

440 2028 576 2078 Dum
599 2027 694 2087 jam
722 2023 772 2074 in
808 2020 931 2075 statu
961 2021 1277 2096 conjecturali
1312 2020 1508 2085 versor,
1548 2021 1895 2076 adducendum
1933 2022 2057 2077 mihi

367 2101 567 2156 videtur
608 2115 822 2151 marmor
849 2133 865 2159 ,
923 2097 1067 2170 quod
1115 2097 1427 2169 quantumvis
1465 2096 1521 2148 sit
1560 2098 1730 2167 injuria
1769 2112 2054 2168 temporum

368 2174 534 2229 misere
568 2185 889 2243 corruptum,
929 2187 1091 2224 tamen
1119 2172 1279 2225 lucem
1312 2172 1439 2225 circa
1462 2170 1561 2224 hoc
1584 2172 1783 2224 Sacrum
1821 2171 1959 2224 nobis
1983 2172 2056 2225 in-

369 2250 443 2304 fra
466 2247 722 2321 praebebit:
781 2264 869 2298 nec
908 2244 1068 2300 forsan
1106 2264 1234 2300 nunc
1270 2246 1383 2318 (nbi
1420 2247 1634 2299 maxime
1660 2261 1952 2318 corruptum
1984 2247 2056 2302 vi-

370 2323 548 2397 detur)
592 2320 760 2376 inutile
782 2323 884 2377 erit.
913 2321 984 2377 est
1009 2335 1171 2377 autem
1198 2321 1296 2377 hoc
1317 2320 1544 2395 sequenS,
