2139 3100
342 204 405 242 22
705 181 801 233 DE
842 180 1200 233 ORIGINE
1254 190 1341 228 Ac
1381 174 1712 232 RITIBUS

344 299 447 337 tur:
488 279 572 332 nisi
600 275 802 332 velimus
828 272 912 324 hic
940 268 1313 339 Hieronymum
1363 266 1568 339 quidem
1605 271 1773 324 omnia
1805 270 1919 340 (aut
1956 271 2027 326 fe-

345 358 424 423 re)
456 356 714 426 sacrorum
749 344 1078 415 ministrorum
1120 342 1321 394 nomina
1345 342 1443 395 huc
1472 343 1706 405 attulisse,
1751 363 1919 399 verum
1946 348 2026 401 illa

344 424 470 487 in‘ter
495 429 540 481 se
561 420 857 480 confudisse:
902 436 1019 472 cum
1043 417 1352 491 quandoque
1376 435 1498 471 unus
1520 418 1754 490 idemque
1779 420 2026 488 sacerd03‚

343 523 427 561 aut
466 501 678 559 minister
692 495 890 553 divertis
914 493 1192 547 nominibus
1216 530 1232 556 ,
1279 493 1571 564 pretatione
1596 493 1756 559 Sacri,
1798 509 1883 548 aut
1917 514 2028 567 par.

346 587 472 638 tium
496 577 684 652 ipsius,
730 568 1136 630 administrandi,
1174 570 1420 643 gauderet.
1734 595 1737 599 ,

416 649 795 710 Obiervandum
818 647 1010 699 interim
1040 662 1273 716 quoque,
1318 645 1578 698 Romanos
1605 645 1710 699 haec
1730 661 1880 719 atque
1904 644 2033 700 simi-

345 734 408 787 lia
439 733 582 782 Sacra
628 726 713 798 (ut
758 723 822 777 sic
871 722 1072 775 tandem
1122 721 1188 772 ad
1226 721 1388 774 nostra
1427 720 1721 775 Taurobolt'a
1750 720 2032 795 redeamus)

343 806 484 879 apud
507 801 585 867 se,
622 804 671 854 in
694 799 867 853 melius
891 797 1223 870 aliquantam,
1260 794 1552 850 reformaffe.
1628 797 1791 867 Qiod
1815 795 2034 850 constare

343 883 540 937 videtur
559 895 674 932 cum
698 894 763 929 ex
775 874 1088 947 {equentibus
1102 870 1530 943 inscriptionibuS,
1565 884 1671 924 tum
1703 889 1765 925 ex
1791 871 2036 945 Dionysio

346 953 746 1029 Halycarnassaeo
762 953 867 1022 jam
882 949 1040 1003 mode}
1075 966 1287 1022 quoque
1308 946 1628 1000 adducendo,
1678 946 1845 1001 Prima
1866 946 2039 1000 harum

346 1033 493 1087 habet
510 1051 520 1084 ε

382 1147 695 1205 MATRIS.
746 1144 996 1201 DEUM.
1048 1144 1396 1202 MAGNAE.
1444 1143 1683 1201 IDEAE.
1733 1144 2012 1200 PALATI

383 1241 555 1298 NAE.
604 1239 857 1315 EJUSQ
907 1238 989 1313 M.
1035 1237 1497 1294 RELIGIONIS.
1557 1240 1671 1295 AD.
1734 1235 2012 1292 FANOR

385 1342 680 1402 NAVIUS
1563 1339 2009 1413 JANUARIUS

988 1441 1219 1499 Secunda
1255 1462 1406 1499 vero:

885 1537 945 1583 c.
1067 1533 1112 1579 c
1126 1535 1168 1577 A
1182 1532 1296 1580 ME
1309 1534 1358 1579 R
1371 1535 1394 1579 1
1407 1534 1458 1582 U
1471 1536 1503 1583 s

989 1609 1421 1659 cREscENs
1645 1670 1649 1674 ,

725 1689 1344 1757 ARCHIGALLUS.
1408 1702 1679 1754 MATms

729 1786 952 1836 DEUM.
987 1784 1307 1835 MAGNAE.
1340 1785 1549 1836 IDEAE
1587 1788 1680 1836 ET

723 1868 1306 1920 ATTIS.POPUL1.
1341 1867 1678 1916 ROMANI

727 1957 992 2008 VIVUS.
1037 1957 1209 2007 SIBI.
1255 1956 1520 2007 FECIT.
1572 1957 1679 2009 ET

729 2041 790 2091 C.
806 2040 1143 2091 CAMERIO.
1156 2040 1647 2094 EYCRATIANO.
1662 2043 1772 2095 LIB
1784 2078 1799 2105 ,
1833 2047 1922 2097 &c.

981 2137 1214 2210 Denique
1251 2137 1416 2191 tertia:

832 2228 1170 2279 DIANAE.
1239 2228 1582 2280 SOSPITE

677 2309 723 2358 L
779 2308 1244 2360 SEPTIMIUS.
1288 2311 1350 2358 L.
1395 2313 1447 2360 F.
1489 2313 1737 2362 TROM

677 2392 930 2442 FELIX
1003 2394 1350 2444 VICTOR.
1411 2396 1739 2445 SACERD

685 2471 976 2523 MATRI.
1013 2476 1076 2523 D.
1107 2478 1177 2526 M.
1211 2478 1249 2526 Ι.
1290 2480 1404 2528 ET.
1436 2481 1738 2534 ATTINI

570 2556 575 2559 ’
950 2556 988 2604 Ρ
1023 2557 1072 2606 Ο
1104 2559 1155 2607 Ρ.
1223 2562 1275 2610 R
1310 2561 1358 2609 O
1391 2562 1451 2610 M

796 2634 964 2687 SUA.
1012 2642 1406 2697 PECUNIA.
1452 2645 1617 2698 DED

1929 2710 2059 2765 Dio·
2126 2699 2128 2706 ¹
