<?xml version="1.0" encoding="UTF-8"?>
<!DOCTYPE html PUBLIC "-//W3C//DTD XHTML 1.0 Transitional//EN"
    "http://www.w3.org/TR/xhtml1/DTD/xhtml1-transitional.dtd">
<html xmlns="http://www.w3.org/1999/xhtml" xml:lang="en" lang="en">
 <head>
  <title>
</title>
<meta http-equiv="Content-Type" content="text/html;charset=utf-8" />
  <meta name='ocr-system' content='tesseract 3.04.00' />
  <meta name='ocr-capabilities' content='ocr_page ocr_carea ocr_par ocr_line ocrx_word'/>
</head>
<body>
  <div class='ocr_page' id='page_1' title='image "./dissertationesix00dale_0499.png"; bbox 0 0 2139 3100; ppageno 0'>
   <div class='ocr_carea' id='block_1_1' title="bbox 229 88 1776 181">
    <p class='ocr_par' dir='ltr' id='par_1_1' title="bbox 229 88 1776 181">
     <span class='ocr_line' id='line_1_1' title="bbox 229 88 1776 181; baseline -0.003 -21"><span class='ocrx_word' id='word_1_1' title='bbox 229 108 328 160; x_wconf 70' lang='lat' dir='ltr'>DE</span> <span class='ocrx_word' id='word_1_2' title='bbox 371 88 752 162; x_wconf 44' lang='lat' dir='ltr'>Concnsslo</span> <span class='ocrx_word' id='word_1_3' title='bbox 798 106 1439 168; x_wconf 76' lang='lat' dir='ltr'>AMPHICTIONUM‚</span> <span class='ocrx_word' id='word_1_4' title='bbox 1476 107 1571 156; x_wconf 72' lang='lat' dir='ltr'>&amp;o</span> <span class='ocrx_word' id='word_1_5' title='bbox 1674 126 1776 181; x_wconf 83' lang='lat'>451</span> 
     </span>
    </p>
   </div>
   <div class='ocr_carea' id='block_1_2' title="bbox 98 195 1806 2642">
    <p class='ocr_par' dir='ltr' id='par_1_2' title="bbox 98 195 1780 787">
     <span class='ocr_line' id='line_1_2' title="bbox 179 195 1774 268; baseline 0.002 -17"><span class='ocrx_word' id='word_1_6' title='bbox 179 199 286 252; x_wconf 88' lang='lat' dir='ltr'>Hic</span> <span class='ocrx_word' id='word_1_7' title='bbox 310 196 419 250; x_wconf 85' lang='lat' dir='ltr'>sane</span> <span class='ocrx_word' id='word_1_8' title='bbox 441 211 533 249; x_wconf 87' lang='lat' dir='ltr'>tres</span> <span class='ocrx_word' id='word_1_9' title='bbox 548 211 738 249; x_wconf 86' lang='lat' dir='ltr'>tantum</span> <span class='ocrx_word' id='word_1_10' title='bbox 752 195 1015 268; x_wconf 81' lang='lat' dir='ltr'>‘Pylagorae</span> <span class='ocrx_word' id='word_1_11' title='bbox 1029 232 1044 257; x_wconf 85' lang='grc'>,</span> <span class='ocrx_word' id='word_1_12' title='bbox 1083 206 1254 265; x_wconf 84' lang='lat' dir='ltr'>praeter</span> <span class='ocrx_word' id='word_1_13' title='bbox 1274 195 1741 254; x_wconf 75' lang='lat' dir='ltr'>Hieromnemonem</span> <span class='ocrx_word' id='word_1_14' title='bbox 1757 237 1774 263; x_wconf 85' lang='lat'>,</span> 
     </span>
     <span class='ocr_line' id='line_1_3' title="bbox 109 268 1779 347; baseline -0.002 -23"><span class='ocrx_word' id='word_1_15' title='bbox 109 272 251 326; x_wconf 66' lang='lat' dir='ltr'>elesti</span> <span class='ocrx_word' id='word_1_16' title='bbox 273 272 524 325; x_wconf 85' lang='lat' dir='ltr'>videntur:</span> <span class='ocrx_word' id='word_1_17' title='bbox 565 288 678 322; x_wconf 88' lang='lat' dir='ltr'>cum</span> <span class='ocrx_word' id='word_1_18' title='bbox 704 285 865 321; x_wconf 85' lang='lat' dir='ltr'>tamen</span> <span class='ocrx_word' id='word_1_19' title='bbox 891 269 1218 322; x_wconf 76' lang='lat' dir='ltr'>H.Prideaux</span> <span class='ocrx_word' id='word_1_20' title='bbox 1244 268 1483 323; x_wconf 86' lang='lat' dir='ltr'>existimet</span> <span class='ocrx_word' id='word_1_21' title='bbox 1508 271 1646 324; x_wconf 77' lang='lat' dir='ltr'>fuisse</span> <span class='ocrx_word' id='word_1_22' title='bbox 1660 294 1779 347; x_wconf 84' lang='lat' dir='ltr'>qua.</span> 
     </span>
     <span class='ocr_line' id='line_1_4' title="bbox 110 342 1777 417; baseline 0.002 -18"><span class='ocrx_word' id='word_1_23' title='bbox 110 362 250 409; x_wconf 88' lang='lat' dir='ltr'>tuor,</span> <span class='ocrx_word' id='word_1_24' title='bbox 288 347 510 416; x_wconf 85' lang='lat' dir='ltr'>interque</span> <span class='ocrx_word' id='word_1_25' title='bbox 538 346 647 398; x_wconf 86' lang='lat' dir='ltr'>illos</span> <span class='ocrx_word' id='word_1_26' title='bbox 670 345 767 396; x_wconf 72' lang='lat' dir='ltr'>una</span> <span class='ocrx_word' id='word_1_27' title='bbox 785 342 1193 408; x_wconf 78' lang='lat' dir='ltr'>Demosthenem:</span> <span class='ocrx_word' id='word_1_28' title='bbox 1230 344 1371 412; x_wconf 90' lang='lat' dir='ltr'>quod</span> <span class='ocrx_word' id='word_1_29' title='bbox 1395 345 1433 397; x_wconf 90' lang='lat' dir='ltr'>is</span> <span class='ocrx_word' id='word_1_30' title='bbox 1454 345 1658 417; x_wconf 87' lang='lat' dir='ltr'>quidem</span> <span class='ocrx_word' id='word_1_31' title='bbox 1673 364 1777 403; x_wconf 85' lang='lat' dir='ltr'>tan-</span> 
     </span>
     <span class='ocr_line' id='line_1_5' title="bbox 111 413 1778 496; baseline 0.001 -23"><span class='ocrx_word' id='word_1_32' title='bbox 111 436 159 473; x_wconf 89' lang='lat' dir='ltr'>ta</span> <span class='ocrx_word' id='word_1_33' title='bbox 186 438 301 473; x_wconf 89' lang='lat' dir='ltr'>cum</span> <span class='ocrx_word' id='word_1_34' title='bbox 336 419 639 472; x_wconf 83' lang='lat' dir='ltr'>confidentia</span> <span class='ocrx_word' id='word_1_35' title='bbox 672 418 858 481; x_wconf 77' lang='lat' dir='ltr'>afferit,</span> <span class='ocrx_word' id='word_1_36' title='bbox 892 432 945 470; x_wconf 87' lang='lat' dir='ltr'>ut</span> <span class='ocrx_word' id='word_1_37' title='bbox 980 417 1138 470; x_wconf 89' lang='lat' dir='ltr'>dicat:</span> <span class='ocrx_word' id='word_1_38' title='bbox 1193 413 1443 471; x_wconf 78' lang='lat' dir='ltr'>:Delirant</span> <span class='ocrx_word' id='word_1_39' title='bbox 1477 424 1637 483; x_wconf 84' lang='lat' dir='ltr'>enim,</span> <span class='ocrx_word' id='word_1_40' title='bbox 1690 430 1778 496; x_wconf 77' lang='lat' dir='ltr'>qui</span> 
     </span>
     <span class='ocr_line' id='line_1_6' title="bbox 109 489 1780 565; baseline 0.001 -16"><span class='ocrx_word' id='word_1_41' title='bbox 109 494 238 549; x_wconf 56' lang='lat' dir='ltr'>lec-id</span> <span class='ocrx_word' id='word_1_42' title='bbox 290 504 511 547; x_wconf 79' lang='lat' dir='ltr'>orattone</span> <span class='ocrx_word' id='word_1_43' title='bbox 557 492 871 561; x_wconf 57' lang='lat' dir='ltr'>QAEschinis</span> <span class='ocrx_word' id='word_1_44' title='bbox 923 504 1094 544; x_wconf 80' lang='lat' dir='ltr'>contra</span> <span class='ocrx_word' id='word_1_45' title='bbox 1145 489 1507 560; x_wconf 74' lang='lat' dir='ltr'>Ctestphontem</span> <span class='ocrx_word' id='word_1_46' title='bbox 1534 513 1543 546; x_wconf 74' lang='grc' dir='ltr'>ε</span> <span class='ocrx_word' id='word_1_47' title='bbox 1596 509 1780 565; x_wconf 83' lang='lat' dir='ltr'>praeter</span> 
     </span>
     <span class='ocr_line' id='line_1_7' title="bbox 113 562 1780 640; baseline 0.002 -19"><span class='ocrx_word' id='word_1_48' title='bbox 113 567 493 637; x_wconf 59' lang='lat' dir='ltr'>(AEfihinem,</span> <span class='ocrx_word' id='word_1_49' title='bbox 534 567 786 626; x_wconf 53' lang='lat' dir='ltr'>Midam,</span> <span class='ocrx_word' id='word_1_50' title='bbox 827 564 1220 637; x_wconf 72' lang='lat' dir='ltr'>Anagyraffum,</span> <span class='ocrx_word' id='word_1_51' title='bbox 1255 562 1316 621; x_wconf 55' lang='grc' dir='ltr'><strong><em>ὠ</em></strong></span> <span class='ocrx_word' id='word_1_52' title='bbox 1345 564 1639 632; x_wconf 79' lang='lat' dir='ltr'>Thrasiclem</span> <span class='ocrx_word' id='word_1_53' title='bbox 1654 570 1780 640; x_wconf 64' lang='lat' dir='ltr'>Lcff2</span> 
     </span>
     <span class='ocr_line' id='line_1_8' title="bbox 112 638 1780 714; baseline 0.001 -18"><span class='ocrx_word' id='word_1_54' title='bbox 112 645 276 703; x_wconf 83' lang='lat' dir='ltr'>bium,</span> <span class='ocrx_word' id='word_1_55' title='bbox 312 639 699 710; x_wconf 77' lang='lat' dir='ltr'>Demosthenem</span> <span class='ocrx_word' id='word_1_56' title='bbox 731 644 882 693; x_wconf 82' lang='lat' dir='ltr'>etiam</span> <span class='ocrx_word' id='word_1_57' title='bbox 908 642 966 692; x_wconf 80' lang='lat' dir='ltr'>in</span> <span class='ocrx_word' id='word_1_58' title='bbox 990 639 1078 692; x_wconf 82' lang='lat' dir='ltr'>illo</span> <span class='ocrx_word' id='word_1_59' title='bbox 1106 651 1356 693; x_wconf 79' lang='lat' dir='ltr'>conventu</span> <span class='ocrx_word' id='word_1_60' title='bbox 1369 638 1658 714; x_wconf 52' lang='lat' dir='ltr'>flammant</span> <span class='ocrx_word' id='word_1_61' title='bbox 1682 663 1780 698; x_wconf 83' lang='lat' dir='ltr'>non</span> 
     </span>
     <span class='ocr_line' id='line_1_9' title="bbox 98 713 600 787; baseline -0.008 -18"><span class='ocrx_word' id='word_1_62' title='bbox 98 714 263 787; x_wconf 76' lang='lat' dir='ltr'><em>fuzsse</em></span> <span class='ocrx_word' id='word_1_63' title='bbox 288 713 600 786; x_wconf 81' lang='lat' dir='ltr'>Pylagoram.</span> 
     </span>
    </p>

    <p class='ocr_par' dir='ltr' id='par_1_3' title="bbox 110 787 1790 2193">
     <span class='ocr_line' id='line_1_10' title="bbox 191 787 1784 859; baseline 0.001 -16"><span class='ocrx_word' id='word_1_64' title='bbox 191 792 260 843; x_wconf 91' lang='lat' dir='ltr'>At</span> <span class='ocrx_word' id='word_1_65' title='bbox 292 789 510 859; x_wconf 83' lang='lat' dir='ltr'>optimus</span> <span class='ocrx_word' id='word_1_66' title='bbox 544 788 625 840; x_wconf 89' lang='lat' dir='ltr'>ille</span> <span class='ocrx_word' id='word_1_67' title='bbox 655 788 729 841; x_wconf 90' lang='lat' dir='ltr'>vir</span> <span class='ocrx_word' id='word_1_68' title='bbox 765 805 863 839; x_wconf 91' lang='lat' dir='ltr'>non</span> <span class='ocrx_word' id='word_1_69' title='bbox 897 787 1262 849; x_wconf 83' lang='lat' dir='ltr'>animadvertit,</span> <span class='ocrx_word' id='word_1_70' title='bbox 1307 788 1626 853; x_wconf 89' lang='lat' dir='ltr'>AEschinem‚</span> <span class='ocrx_word' id='word_1_71' title='bbox 1668 809 1784 845; x_wconf 88' lang='lat' dir='ltr'>curn</span> 
     </span>
     <span class='ocr_line' id='line_1_11' title="bbox 110 861 1785 935; baseline 0.002 -19"><span class='ocrx_word' id='word_1_72' title='bbox 110 865 210 935; x_wconf 87' lang='lat' dir='ltr'>jam</span> <span class='ocrx_word' id='word_1_73' title='bbox 237 864 300 916; x_wconf 93' lang='lat' dir='ltr'>de</span> <span class='ocrx_word' id='word_1_74' title='bbox 314 861 453 913; x_wconf 68' lang='lat' dir='ltr'>faffls</span> <span class='ocrx_word' id='word_1_75' title='bbox 471 861 815 914; x_wconf 84' lang='lat' dir='ltr'>Demosthenis</span> <span class='ocrx_word' id='word_1_76' title='bbox 829 861 1023 915; x_wconf 89' lang='lat' dir='ltr'>locutus</span> <span class='ocrx_word' id='word_1_77' title='bbox 1048 861 1241 923; x_wconf 76' lang='lat' dir='ltr'>fuiffer,</span> <span class='ocrx_word' id='word_1_78' title='bbox 1273 879 1387 914; x_wconf 90' lang='lat' dir='ltr'>cum</span> <span class='ocrx_word' id='word_1_79' title='bbox 1401 881 1535 916; x_wconf 87' lang='lat' dir='ltr'>novo</span> <span class='ocrx_word' id='word_1_80' title='bbox 1560 865 1785 920; x_wconf 88' lang='lat' dir='ltr'>Archon-</span> 
     </span>
     <span class='ocr_line' id='line_1_12' title="bbox 116 934 1786 1013; baseline 0.002 -23"><span class='ocrx_word' id='word_1_81' title='bbox 116 953 165 990; x_wconf 86' lang='lat' dir='ltr'>te</span> <span class='ocrx_word' id='word_1_82' title='bbox 191 937 482 1007; x_wconf 77' lang='lat' dir='ltr'>DiognetO,</span> <span class='ocrx_word' id='word_1_83' title='bbox 525 953 582 986; x_wconf 89' lang='lat' dir='ltr'>ac</span> <span class='ocrx_word' id='word_1_84' title='bbox 609 953 743 988; x_wconf 91' lang='lat' dir='ltr'>novo</span> <span class='ocrx_word' id='word_1_85' title='bbox 779 934 1197 996; x_wconf 79' lang='lat' dir='ltr'>Heromnemone‚</span> <span class='ocrx_word' id='word_1_86' title='bbox 1236 935 1299 986; x_wconf 91' lang='lat' dir='ltr'>de</span> <span class='ocrx_word' id='word_1_87' title='bbox 1323 940 1464 989; x_wconf 80' lang='lat' dir='ltr'>novis</span> <span class='ocrx_word' id='word_1_88' title='bbox 1489 937 1553 989; x_wconf 88' lang='lat' dir='ltr'>fic</span> <span class='ocrx_word' id='word_1_89' title='bbox 1579 958 1786 1013; x_wconf 86' lang='lat' dir='ltr'>quoque</span> 
     </span>
     <span class='ocr_line' id='line_1_13' title="bbox 122 1008 1787 1084; baseline 0 -23"><span class='ocrx_word' id='word_1_90' title='bbox 122 1009 238 1082; x_wconf 76' lang='lat' dir='ltr'>(seu</span> <span class='ocrx_word' id='word_1_91' title='bbox 263 1011 327 1061; x_wconf 89' lang='lat' dir='ltr'>de</span> <span class='ocrx_word' id='word_1_92' title='bbox 356 1027 492 1060; x_wconf 86' lang='lat' dir='ltr'>novo</span> <span class='ocrx_word' id='word_1_93' title='bbox 514 1008 706 1080; x_wconf 67' lang='lat' dir='ltr'>eleffis)</span> <span class='ocrx_word' id='word_1_94' title='bbox 745 1009 885 1081; x_wconf 90' lang='lat' dir='ltr'>loqui</span> <span class='ocrx_word' id='word_1_95' title='bbox 924 1011 1208 1083; x_wconf 81' lang='lat' dir='ltr'>Pylagoris‚</span> <span class='ocrx_word' id='word_1_96' title='bbox 1248 1011 1369 1062; x_wconf 89' lang='lat' dir='ltr'>inter</span> <span class='ocrx_word' id='word_1_97' title='bbox 1393 1028 1522 1083; x_wconf 88' lang='lat' dir='ltr'>quos</span> <span class='ocrx_word' id='word_1_98' title='bbox 1559 1012 1787 1084; x_wconf 82' lang='lat' dir='ltr'>semetip-</span> 
     </span>
     <span class='ocr_line' id='line_1_14' title="bbox 117 1082 1786 1154; baseline 0.004 -18"><span class='ocrx_word' id='word_1_99' title='bbox 117 1085 252 1145; x_wconf 83' lang='lat' dir='ltr'>sum,</span> <span class='ocrx_word' id='word_1_100' title='bbox 289 1082 512 1153; x_wconf 82' lang='lat' dir='ltr'>adeoque</span> <span class='ocrx_word' id='word_1_101' title='bbox 538 1083 836 1154; x_wconf 86' lang='lat' dir='ltr'>postremum</span> <span class='ocrx_word' id='word_1_102' title='bbox 862 1099 1112 1146; x_wconf 72' lang='lat' dir='ltr'>numerat,</span> <span class='ocrx_word' id='word_1_103' title='bbox 1153 1083 1282 1136; x_wconf 72' lang='lat' dir='ltr'>nulla</span> <span class='ocrx_word' id='word_1_104' title='bbox 1300 1083 1638 1154; x_wconf 82' lang='lat' dir='ltr'>Demosthems</span> <span class='ocrx_word' id='word_1_105' title='bbox 1659 1086 1786 1142; x_wconf 63' lang='lat' dir='ltr'>faeta</span> 
     </span>
     <span class='ocr_line' id='line_1_15' title="bbox 117 1157 1789 1229; baseline 0.003 -19"><span class='ocrx_word' id='word_1_106' title='bbox 117 1159 380 1210; x_wconf 84' lang='lat' dir='ltr'>mentione.</span> <span class='ocrx_word' id='word_1_107' title='bbox 410 1157 514 1226; x_wconf 79' lang='lat' dir='ltr'>Qui</span> <span class='ocrx_word' id='word_1_108' title='bbox 544 1158 1112 1229; x_wconf 74' lang='lat' dir='ltr'>quoque‘Demosthenes</span> <span class='ocrx_word' id='word_1_109' title='bbox 1124 1157 1175 1209; x_wconf 89' lang='lat' dir='ltr'>id</span> <span class='ocrx_word' id='word_1_110' title='bbox 1191 1157 1270 1211; x_wconf 88' lang='lat' dir='ltr'>hic</span> <span class='ocrx_word' id='word_1_111' title='bbox 1283 1159 1418 1210; x_wconf 86' lang='lat' dir='ltr'>nullo</span> <span class='ocrx_word' id='word_1_112' title='bbox 1433 1160 1591 1212; x_wconf 89' lang='lat' dir='ltr'>modo</span> <span class='ocrx_word' id='word_1_113' title='bbox 1611 1162 1789 1216; x_wconf 88' lang='lat' dir='ltr'>oblitus</span> 
     </span>
     <span class='ocr_line' id='line_1_16' title="bbox 122 1229 1785 1307; baseline 0.003 -23"><span class='ocrx_word' id='word_1_114' title='bbox 122 1231 307 1286; x_wconf 69' lang='lat' dir='ltr'>fuisset:</span> <span class='ocrx_word' id='word_1_115' title='bbox 346 1249 460 1284; x_wconf 89' lang='lat' dir='ltr'>cum</span> <span class='ocrx_word' id='word_1_116' title='bbox 486 1230 532 1283; x_wconf 90' lang='lat' dir='ltr'>se</span> <span class='ocrx_word' id='word_1_117' title='bbox 561 1232 743 1304; x_wconf 87' lang='lat' dir='ltr'>ubique</span> <span class='ocrx_word' id='word_1_118' title='bbox 777 1232 918 1285; x_wconf 61' lang='lat' dir='ltr'>dietis</span> <span class='ocrx_word' id='word_1_119' title='bbox 951 1252 1005 1285; x_wconf 90' lang='lat' dir='ltr'>ac</span> <span class='ocrx_word' id='word_1_120' title='bbox 1031 1229 1167 1285; x_wconf 65' lang='lat' dir='ltr'>fastis</span> <span class='ocrx_word' id='word_1_121' title='bbox 1193 1232 1333 1302; x_wconf 88' lang='lat' dir='ltr'>hujus</span> <span class='ocrx_word' id='word_1_122' title='bbox 1367 1233 1614 1287; x_wconf 83' lang='lat' dir='ltr'>AEschinis</span> <span class='ocrx_word' id='word_1_123' title='bbox 1639 1235 1785 1307; x_wconf 81' lang='lat' dir='ltr'>ipfius</span> 
     </span>
     <span class='ocr_line' id='line_1_17' title="bbox 121 1306 1788 1378; baseline 0.004 -21"><span class='ocrx_word' id='word_1_124' title='bbox 121 1306 338 1377; x_wconf 84' lang='lat' dir='ltr'>partibus</span> <span class='ocrx_word' id='word_1_125' title='bbox 378 1306 684 1359; x_wconf 88' lang='lat' dir='ltr'>vehementer</span> <span class='ocrx_word' id='word_1_126' title='bbox 728 1321 1044 1378; x_wconf 90' lang='lat' dir='ltr'>opponeret:</span> <span class='ocrx_word' id='word_1_127' title='bbox 1104 1324 1161 1358; x_wconf 87' lang='lat' dir='ltr'>ac</span> <span class='ocrx_word' id='word_1_128' title='bbox 1195 1307 1399 1377; x_wconf 89' lang='lat' dir='ltr'>quidem</span> <span class='ocrx_word' id='word_1_129' title='bbox 1446 1308 1610 1372; x_wconf 85' lang='lat' dir='ltr'>ade0,</span> <span class='ocrx_word' id='word_1_130' title='bbox 1660 1326 1714 1363; x_wconf 82' lang='lat' dir='ltr'>ut</span> <span class='ocrx_word' id='word_1_131' title='bbox 1750 1311 1788 1364; x_wconf 86' lang='lat' dir='ltr'>is</span> 
     </span>
     <span class='ocr_line' id='line_1_18' title="bbox 121 1380 1790 1451; baseline 0.004 -20"><span class='ocrx_word' id='word_1_132' title='bbox 121 1383 171 1432; x_wconf 89' lang='lat' dir='ltr'>in</span> <span class='ocrx_word' id='word_1_133' title='bbox 200 1380 443 1451; x_wconf 81' lang='lat' dir='ltr'>legatione</span> <span class='ocrx_word' id='word_1_134' title='bbox 478 1382 539 1432; x_wconf 88' lang='lat' dir='ltr'>ad</span> <span class='ocrx_word' id='word_1_135' title='bbox 575 1380 866 1451; x_wconf 80' lang='lat' dir='ltr'>Philippum</span> <span class='ocrx_word' id='word_1_136' title='bbox 903 1399 994 1433; x_wconf 88' lang='lat' dir='ltr'>una</span> <span class='ocrx_word' id='word_1_137' title='bbox 1030 1398 1146 1433; x_wconf 88' lang='lat' dir='ltr'>cum</span> <span class='ocrx_word' id='word_1_138' title='bbox 1182 1381 1418 1433; x_wconf 78' lang='lat' dir='ltr'>AEschine</span> <span class='ocrx_word' id='word_1_139' title='bbox 1446 1387 1497 1434; x_wconf 71' lang='grc' dir='ltr'>δε</span> <span class='ocrx_word' id='word_1_140' title='bbox 1535 1383 1668 1446; x_wconf 87' lang='lat' dir='ltr'>aliis,</span> <span class='ocrx_word' id='word_1_141' title='bbox 1707 1384 1790 1437; x_wconf 84' lang='lat' dir='ltr'>ille</span> 
     </span>
     <span class='ocr_line' id='line_1_19' title="bbox 120 1451 1785 1533; baseline 0.005 -29"><span class='ocrx_word' id='word_1_142' title='bbox 120 1453 432 1525; x_wconf 77' lang='lat' dir='ltr'>(criminante</span> <span class='ocrx_word' id='word_1_143' title='bbox 452 1451 681 1523; x_wconf 86' lang='lat' dir='ltr'>superista</span> <span class='ocrx_word' id='word_1_144' title='bbox 705 1472 753 1505; x_wconf 89' lang='lat' dir='ltr'>re</span> <span class='ocrx_word' id='word_1_145' title='bbox 775 1452 931 1524; x_wconf 85' lang='lat' dir='ltr'>ipsum</span> <span class='ocrx_word' id='word_1_146' title='bbox 959 1452 1193 1507; x_wconf 84' lang='lat' dir='ltr'>AEschine</span> <span class='ocrx_word' id='word_1_147' title='bbox 1218 1455 1384 1524; x_wconf 87' lang='lat' dir='ltr'>postea</span> <span class='ocrx_word' id='word_1_148' title='bbox 1417 1456 1479 1508; x_wconf 89' lang='lat' dir='ltr'>ad</span> <span class='ocrx_word' id='word_1_149' title='bbox 1506 1458 1785 1533; x_wconf 84' lang='lat' dir='ltr'>populum)</span> 
     </span>
     <span class='ocr_line' id='line_1_20' title="bbox 117 1527 1790 1604; baseline 0.005 -27"><span class='ocrx_word' id='word_1_150' title='bbox 117 1527 340 1597; x_wconf 85' lang='lat' dir='ltr'>quamvis</span> <span class='ocrx_word' id='word_1_151' title='bbox 366 1528 600 1578; x_wconf 85' lang='lat' dir='ltr'>minimus</span> <span class='ocrx_word' id='word_1_152' title='bbox 629 1541 773 1588; x_wconf 75' lang='lat' dir='ltr'>nata,</span> <span class='ocrx_word' id='word_1_153' title='bbox 811 1528 1038 1598; x_wconf 87' lang='lat' dir='ltr'>adeoque</span> <span class='ocrx_word' id='word_1_154' title='bbox 1063 1531 1111 1579; x_wconf 86' lang='lat'>&amp;</span> <span class='ocrx_word' id='word_1_155' title='bbox 1140 1528 1415 1596; x_wconf 84' lang='lat' dir='ltr'>postremus</span> <span class='ocrx_word' id='word_1_156' title='bbox 1444 1531 1652 1595; x_wconf 81' lang='lat' dir='ltr'>ordine,</span> <span class='ocrx_word' id='word_1_157' title='bbox 1691 1535 1790 1604; x_wconf 84' lang='lat' dir='ltr'>pri-</span> 
     </span>
     <span class='ocr_line' id='line_1_21' title="bbox 121 1599 1790 1678; baseline 0.005 -27"><span class='ocrx_word' id='word_1_158' title='bbox 121 1616 222 1651; x_wconf 88' lang='lat' dir='ltr'>mas</span> <span class='ocrx_word' id='word_1_159' title='bbox 243 1600 440 1652; x_wconf 88' lang='lat' dir='ltr'>dicendi</span> <span class='ocrx_word' id='word_1_160' title='bbox 466 1601 594 1652; x_wconf 87' lang='lat' dir='ltr'>vices</span> <span class='ocrx_word' id='word_1_161' title='bbox 619 1599 682 1650; x_wconf 87' lang='lat' dir='ltr'>ad</span> <span class='ocrx_word' id='word_1_162' title='bbox 710 1600 999 1670; x_wconf 77' lang='lat' dir='ltr'>Philippum</span> <span class='ocrx_word' id='word_1_163' title='bbox 1030 1605 1081 1652; x_wconf 65' lang='lat' dir='ltr'>Sc</span> <span class='ocrx_word' id='word_1_164' title='bbox 1117 1601 1233 1653; x_wconf 86' lang='lat' dir='ltr'>huic</span> <span class='ocrx_word' id='word_1_165' title='bbox 1257 1602 1485 1655; x_wconf 73' lang='lat' dir='ltr'>AEschini</span> <span class='ocrx_word' id='word_1_166' title='bbox 1510 1608 1561 1655; x_wconf 56' lang='grc' dir='ltr'>ἃ</span> <span class='ocrx_word' id='word_1_167' title='bbox 1591 1607 1790 1678; x_wconf 86' lang='lat' dir='ltr'>reliquis</span> 
     </span>
     <span class='ocr_line' id='line_1_22' title="bbox 121 1672 1788 1744; baseline 0.005 -20"><span class='ocrx_word' id='word_1_168' title='bbox 121 1672 287 1744; x_wconf 88' lang='lat' dir='ltr'>legatis</span> <span class='ocrx_word' id='word_1_169' title='bbox 320 1673 639 1742; x_wconf 73' lang='lat' dir='ltr'>praeripuerit.</span> <span class='ocrx_word' id='word_1_170' title='bbox 702 1690 792 1725; x_wconf 88' lang='lat' dir='ltr'>nec</span> <span class='ocrx_word' id='word_1_171' title='bbox 817 1675 921 1726; x_wconf 89' lang='lat' dir='ltr'>ullo</span> <span class='ocrx_word' id='word_1_172' title='bbox 949 1673 1107 1726; x_wconf 90' lang='lat' dir='ltr'>modo</span> <span class='ocrx_word' id='word_1_173' title='bbox 1140 1676 1176 1726; x_wconf 87' lang='lat' dir='ltr'>is</span> <span class='ocrx_word' id='word_1_174' title='bbox 1211 1675 1449 1729; x_wconf 79' lang='lat' dir='ltr'>silentium</span> <span class='ocrx_word' id='word_1_175' title='bbox 1486 1679 1707 1732; x_wconf 72' lang='lat' dir='ltr'>tenuisset</span> <span class='ocrx_word' id='word_1_176' title='bbox 1740 1682 1788 1732; x_wconf 85' lang='lat' dir='ltr'>in</span> 
     </span>
     <span class='ocr_line' id='line_1_23' title="bbox 120 1746 1788 1820; baseline 0.005 -22"><span class='ocrx_word' id='word_1_177' title='bbox 120 1760 396 1820; x_wconf 81' lang='lat' dir='ltr'>conventu,</span> <span class='ocrx_word' id='word_1_178' title='bbox 437 1746 520 1800; x_wconf 89' lang='lat' dir='ltr'>ubi</span> <span class='ocrx_word' id='word_1_179' title='bbox 545 1748 684 1815; x_wconf 88' lang='lat' dir='ltr'>talia,</span> <span class='ocrx_word' id='word_1_180' title='bbox 717 1747 881 1819; x_wconf 87' lang='lat' dir='ltr'>qualia</span> <span class='ocrx_word' id='word_1_181' title='bbox 905 1748 971 1800; x_wconf 90' lang='lat' dir='ltr'>ibi</span> <span class='ocrx_word' id='word_1_182' title='bbox 1001 1763 1154 1802; x_wconf 83' lang='lat' dir='ltr'>narrat</span> <span class='ocrx_word' id='word_1_183' title='bbox 1183 1749 1444 1804; x_wconf 81' lang='lat' dir='ltr'>AEschines</span> <span class='ocrx_word' id='word_1_184' title='bbox 1464 1789 1479 1812; x_wconf 89' lang='lat'>,</span> <span class='ocrx_word' id='word_1_185' title='bbox 1520 1755 1788 1807; x_wconf 66' lang='lat' dir='ltr'>trastaban-</span> 
     </span>
     <span class='ocr_line' id='line_1_24' title="bbox 120 1820 1789 1895; baseline 0.005 -23"><span class='ocrx_word' id='word_1_186' title='bbox 120 1834 224 1884; x_wconf 85' lang='lat' dir='ltr'>tur,</span> <span class='ocrx_word' id='word_1_187' title='bbox 257 1839 423 1875; x_wconf 87' lang='lat' dir='ltr'>verum</span> <span class='ocrx_word' id='word_1_188' title='bbox 464 1823 603 1874; x_wconf 87' lang='lat' dir='ltr'>omni</span> <span class='ocrx_word' id='word_1_189' title='bbox 638 1826 686 1875; x_wconf 82' lang='lat' dir='ltr'>vi</span> <span class='ocrx_word' id='word_1_190' title='bbox 725 1840 781 1873; x_wconf 89' lang='lat' dir='ltr'>ac</span> <span class='ocrx_word' id='word_1_191' title='bbox 823 1823 1082 1875; x_wconf 84' lang='lat' dir='ltr'>conamine</span> <span class='ocrx_word' id='word_1_192' title='bbox 1117 1820 1209 1874; x_wconf 85' lang='lat' dir='ltr'>sese</span> <span class='ocrx_word' id='word_1_193' title='bbox 1246 1825 1621 1895; x_wconf 78' lang='lat' dir='ltr'>interposuisset:</span> <span class='ocrx_word' id='word_1_194' title='bbox 1668 1828 1789 1882; x_wconf 83' lang='lat' dir='ltr'>ficut</span> 
     </span>
     <span class='ocr_line' id='line_1_25' title="bbox 119 1894 1788 1968; baseline 0.005 -23"><span class='ocrx_word' id='word_1_195' title='bbox 119 1896 290 1957; x_wconf 86' lang='lat' dir='ltr'>etiam,</span> <span class='ocrx_word' id='word_1_196' title='bbox 329 1894 437 1966; x_wconf 92' lang='lat' dir='ltr'>post</span> <span class='ocrx_word' id='word_1_197' title='bbox 458 1896 667 1950; x_wconf 87' lang='lat' dir='ltr'>reditum</span> <span class='ocrx_word' id='word_1_198' title='bbox 691 1896 870 1949; x_wconf 87' lang='lat' dir='ltr'>horum</span> <span class='ocrx_word' id='word_1_199' title='bbox 886 1896 1234 1968; x_wconf 79' lang='lat' dir='ltr'>Pylagorarum</span> <span class='ocrx_word' id='word_1_200' title='bbox 1253 1934 1269 1960; x_wconf 84' lang='grc'>,</span> <span class='ocrx_word' id='word_1_201' title='bbox 1308 1901 1517 1953; x_wconf 85' lang='lat' dir='ltr'>Athenis</span> <span class='ocrx_word' id='word_1_202' title='bbox 1528 1921 1694 1956; x_wconf 83' lang='lat' dir='ltr'>revera</span> <span class='ocrx_word' id='word_1_203' title='bbox 1717 1900 1788 1954; x_wconf 83' lang='lat' dir='ltr'>fe-</span> 
     </span>
     <span class='ocr_line' id='line_1_26' title="bbox 124 1968 1787 2047; baseline 0.006 -29"><span class='ocrx_word' id='word_1_204' title='bbox 124 1968 205 2020; x_wconf 78' lang='lat' dir='ltr'>cit,</span> <span class='ocrx_word' id='word_1_205' title='bbox 281 1969 586 2023; x_wconf 81' lang='lat' dir='ltr'>Crediderim</span> <span class='ocrx_word' id='word_1_206' title='bbox 609 1987 772 2026; x_wconf 87' lang='lat' dir='ltr'>tamen</span> <span class='ocrx_word' id='word_1_207' title='bbox 810 1988 1062 2022; x_wconf 86' lang='lat' dir='ltr'>numerum</span> <span class='ocrx_word' id='word_1_208' title='bbox 1097 1971 1446 2043; x_wconf 82' lang='lat' dir='ltr'>Pylagorarum</span> <span class='ocrx_word' id='word_1_209' title='bbox 1485 1975 1631 2047; x_wconf 72' lang='lat' dir='ltr'>&lt;licet</span> <span class='ocrx_word' id='word_1_210' title='bbox 1665 1975 1787 2028; x_wconf 87' lang='lat' dir='ltr'>sem-</span> 
     </span>
     <span class='ocr_line' id='line_1_27' title="bbox 126 2045 1787 2121; baseline 0.006 -28"><span class='ocrx_word' id='word_1_211' title='bbox 126 2058 214 2111; x_wconf 92' lang='lat' dir='ltr'>per</span> <span class='ocrx_word' id='word_1_212' title='bbox 238 2060 358 2095; x_wconf 89' lang='lat' dir='ltr'>unus</span> <span class='ocrx_word' id='word_1_213' title='bbox 379 2057 566 2097; x_wconf 89' lang='lat' dir='ltr'>tantum</span> <span class='ocrx_word' id='word_1_214' title='bbox 592 2049 951 2100; x_wconf 82' lang='lat' dir='ltr'>Hieromnemo</span> <span class='ocrx_word' id='word_1_215' title='bbox 988 2045 1286 2117; x_wconf 81' lang='lat' dir='ltr'>mitteretur)</span> <span class='ocrx_word' id='word_1_216' title='bbox 1323 2065 1414 2117; x_wconf 92' lang='lat' dir='ltr'>pro</span> <span class='ocrx_word' id='word_1_217' title='bbox 1448 2050 1787 2121; x_wconf 83' lang='lat' dir='ltr'>beneplacitO,</span> 
     </span>
     <span class='ocr_line' id='line_1_28' title="bbox 124 2117 1452 2193; baseline 0.006 -26"><span class='ocrx_word' id='word_1_218' title='bbox 124 2131 206 2168; x_wconf 83' lang='lat' dir='ltr'>aut</span> <span class='ocrx_word' id='word_1_219' title='bbox 232 2117 500 2172; x_wconf 82' lang='lat' dir='ltr'>necessitate</span> <span class='ocrx_word' id='word_1_220' title='bbox 517 2156 531 2181; x_wconf 93' lang='lat'>‚</span> <span class='ocrx_word' id='word_1_221' title='bbox 566 2122 844 2193; x_wconf 65' lang='lat' dir='ltr'>reipublicae</span> <span class='ocrx_word' id='word_1_222' title='bbox 871 2139 930 2171; x_wconf 86' lang='lat' dir='ltr'>eo</span> <span class='ocrx_word' id='word_1_223' title='bbox 956 2122 1267 2173; x_wconf 78' lang='lat' dir='ltr'>immutatum</span> <span class='ocrx_word' id='word_1_224' title='bbox 1293 2119 1452 2176; x_wconf 75' lang='lat' dir='ltr'>fuisse.</span> 
     </span>
    </p>

    <p class='ocr_par' dir='ltr' id='par_1_4' title="bbox 128 2192 1806 2642">
     <span class='ocr_line' id='line_1_29' title="bbox 201 2192 1790 2269; baseline 0.004 -27"><span class='ocrx_word' id='word_1_225' title='bbox 201 2192 363 2259; x_wconf 82' lang='lat' dir='ltr'>Quod</span> <span class='ocrx_word' id='word_1_226' title='bbox 393 2207 554 2247; x_wconf 88' lang='lat' dir='ltr'>autem</span> <span class='ocrx_word' id='word_1_227' title='bbox 587 2199 757 2249; x_wconf 83' lang='lat' dir='ltr'>attinet</span> <span class='ocrx_word' id='word_1_228' title='bbox 800 2195 1269 2257; x_wconf 59' lang='lat' dir='ltr'>Hieromnemonaff,</span> <span class='ocrx_word' id='word_1_229' title='bbox 1308 2196 1396 2267; x_wconf 90' lang='lat' dir='ltr'>qui</span> <span class='ocrx_word' id='word_1_230' title='bbox 1432 2197 1548 2250; x_wconf 83' lang='lat' dir='ltr'>alias</span> <span class='ocrx_word' id='word_1_231' title='bbox 1585 2215 1790 2269; x_wconf 82' lang='lat' dir='ltr'>quoque</span> 
     </span>
     <span class='ocr_line' id='line_1_30' title="bbox 128 2263 1794 2341; baseline 0.002 -23"><span class='ocrx_word' id='word_1_232' title='bbox 128 2263 498 2336; x_wconf 63' lang='grc' dir='ltr'>ὶερογρριμμὰτεῗς</span> <span class='ocrx_word' id='word_1_233' title='bbox 532 2271 862 2341; x_wconf 84' lang='lat' dir='ltr'>appellantur,</span> <span class='ocrx_word' id='word_1_234' title='bbox 901 2283 1136 2340; x_wconf 76' lang='lat' dir='ltr'>quatenus</span> <span class='ocrx_word' id='word_1_235' title='bbox 1172 2270 1221 2320; x_wconf 86' lang='lat' dir='ltr'>in</span> <span class='ocrx_word' id='word_1_236' title='bbox 1257 2270 1671 2325; x_wconf 87' lang='lat' dir='ltr'>administratione</span> <span class='ocrx_word' id='word_1_237' title='bbox 1706 2272 1794 2323; x_wconf 90' lang='lat' dir='ltr'>rei-</span> 
     </span>
     <span class='ocr_line' id='line_1_31' title="bbox 129 2340 1794 2416; baseline 0.004 -26"><span class='ocrx_word' id='word_1_238' title='bbox 129 2341 336 2410; x_wconf 75' lang='lat' dir='ltr'>publicae</span> <span class='ocrx_word' id='word_1_239' title='bbox 366 2340 534 2395; x_wconf 75' lang='lat' dir='ltr'>locum</span> <span class='ocrx_word' id='word_1_240' title='bbox 555 2345 791 2397; x_wconf 86' lang='lat' dir='ltr'>habebant</span> <span class='ocrx_word' id='word_1_241' title='bbox 830 2344 1074 2416; x_wconf 65' lang='lat' dir='ltr'>(dupiicis</span> <span class='ocrx_word' id='word_1_242' title='bbox 1099 2344 1231 2396; x_wconf 86' lang='lat' dir='ltr'>enim</span> <span class='ocrx_word' id='word_1_243' title='bbox 1261 2348 1445 2416; x_wconf 87' lang='lat' dir='ltr'>generis</span> <span class='ocrx_word' id='word_1_244' title='bbox 1463 2344 1602 2398; x_wconf 75' lang='lat' dir='ltr'>fuisse</span> <span class='ocrx_word' id='word_1_245' title='bbox 1626 2345 1696 2397; x_wconf 90' lang='lat' dir='ltr'>illi</span> <span class='ocrx_word' id='word_1_246' title='bbox 1719 2346 1794 2399; x_wconf 90' lang='lat' dir='ltr'>vi-</span> 
     </span>
     <span class='ocr_line' id='line_1_32' title="bbox 131 2412 1798 2492; baseline 0.003 -27"><span class='ocrx_word' id='word_1_247' title='bbox 131 2412 333 2484; x_wconf 84' lang='lat' dir='ltr'>dentur)</span> <span class='ocrx_word' id='word_1_248' title='bbox 375 2415 465 2467; x_wconf 88' lang='lat' dir='ltr'>ubi</span> <span class='ocrx_word' id='word_1_249' title='bbox 483 2416 608 2469; x_wconf 89' lang='lat' dir='ltr'>adeo</span> <span class='ocrx_word' id='word_1_250' title='bbox 646 2437 739 2490; x_wconf 89' lang='lat' dir='ltr'>pro</span> <span class='ocrx_word' id='word_1_251' title='bbox 776 2419 1081 2486; x_wconf 78' lang='lat' dir='ltr'>SecretariiS,</span> <span class='ocrx_word' id='word_1_252' title='bbox 1135 2433 1188 2470; x_wconf 86' lang='lat' dir='ltr'>ut</span> <span class='ocrx_word' id='word_1_253' title='bbox 1229 2436 1357 2471; x_wconf 88' lang='lat' dir='ltr'>nunc</span> <span class='ocrx_word' id='word_1_254' title='bbox 1398 2420 1678 2492; x_wconf 86' lang='lat' dir='ltr'>loquimur,</span> <span class='ocrx_word' id='word_1_255' title='bbox 1716 2431 1798 2471; x_wconf 87' lang='lat' dir='ltr'>aut</span> 
     </span>
     <span class='ocr_line' id='line_1_33' title="bbox 133 2487 1801 2568; baseline 0.004 -29"><span class='ocrx_word' id='word_1_256' title='bbox 133 2487 381 2557; x_wconf 79' lang='lat' dir='ltr'>Zyndicis</span> <span class='ocrx_word' id='word_1_257' title='bbox 426 2491 676 2546; x_wconf 82' lang='lat' dir='ltr'>veniebant</span> <span class='ocrx_word' id='word_1_258' title='bbox 690 2523 707 2558; x_wconf 76' lang='lat'>3</span> <span class='ocrx_word' id='word_1_259' title='bbox 755 2494 824 2548; x_wconf 84' lang='lat' dir='ltr'>illi</span> <span class='ocrx_word' id='word_1_260' title='bbox 861 2494 910 2545; x_wconf 85' lang='lat' dir='ltr'>in</span> <span class='ocrx_word' id='word_1_261' title='bbox 958 2492 1054 2546; x_wconf 89' lang='lat' dir='ltr'>hoc</span> <span class='ocrx_word' id='word_1_262' title='bbox 1098 2491 1310 2545; x_wconf 81' lang='lat' dir='ltr'>conseffu</span> <span class='ocrx_word' id='word_1_263' title='bbox 1343 2493 1480 2566; x_wconf 77' lang='lat' dir='ltr'>super</span> <span class='ocrx_word' id='word_1_264' title='bbox 1528 2492 1801 2568; x_wconf 62' lang='lat' dir='ltr'>Pylagoras</span> 
     </span>
     <span class='ocr_line' id='line_1_34' title="bbox 133 2562 1806 2642; baseline 0.004 -30"><span class='ocrx_word' id='word_1_265' title='bbox 133 2562 384 2616; x_wconf 82' lang='lat' dir='ltr'>eminuiffe</span> <span class='ocrx_word' id='word_1_266' title='bbox 409 2564 660 2631; x_wconf 85' lang='lat' dir='ltr'>videntur,</span> <span class='ocrx_word' id='word_1_267' title='bbox 697 2586 752 2621; x_wconf 86' lang='lat' dir='ltr'>ac</span> <span class='ocrx_word' id='word_1_268' title='bbox 788 2568 989 2642; x_wconf 89' lang='lat' dir='ltr'>quidem</span> <span class='ocrx_word' id='word_1_269' title='bbox 1007 2567 1220 2640; x_wconf 87' lang='lat' dir='ltr'>ipsorum</span> <span class='ocrx_word' id='word_1_270' title='bbox 1248 2605 1263 2632; x_wconf 87' lang='lat'>,</span> <span class='ocrx_word' id='word_1_271' title='bbox 1300 2571 1457 2641; x_wconf 83' lang='lat' dir='ltr'>capita</span> <span class='ocrx_word' id='word_1_272' title='bbox 1484 2566 1562 2620; x_wconf 89' lang='lat' dir='ltr'>seu</span> <span class='ocrx_word' id='word_1_273' title='bbox 1584 2567 1806 2640; x_wconf 75' lang='lat' dir='ltr'>praesides</span> 
     </span>
    </p>
   </div>
   <div class='ocr_carea' id='block_1_3' title="bbox 135 2634 1807 2698">
    <p class='ocr_par' dir='ltr' id='par_1_5' title="bbox 135 2634 1807 2698">
     <span class='ocr_line' id='line_1_35' title="bbox 135 2634 1807 2698; baseline 0.005 -11"><span class='ocrx_word' id='word_1_274' title='bbox 135 2634 292 2692; x_wconf 78' lang='lat' dir='ltr'>fuiffe.</span> <span class='ocrx_word' id='word_1_275' title='bbox 933 2641 977 2694; x_wconf 95' lang='lat' dir='ltr'>L</span> <span class='ocrx_word' id='word_1_276' title='bbox 994 2641 1039 2695; x_wconf 92' lang='lat' dir='ltr'>ll</span> <span class='ocrx_word' id='word_1_277' title='bbox 1080 2662 1107 2698; x_wconf 89' lang='lat'><em>2</em></span> <span class='ocrx_word' id='word_1_278' title='bbox 1665 2643 1807 2696; x_wconf 88' lang='lat' dir='ltr'>Hinc</span> 
     </span>
    </p>
   </div>
  </div>
 </body>
</html>
