2139 3100
334 193 372 246 4,
683 166 1694 222 DEORmmssAcRmxnus

335 280 525 337 magna
551 263 693 328 sunt,
732 261 1089 315 excellentiora
1104 257 1232 329 fitnt
1251 293 1266 319 ,
1304 275 1454 333 quam
1483 277 1591 332 quae
1615 260 1816 313 omnino
1838 261 1934 315 vel
1948 272 2036 333 op-

335 353 440 393 tari
476 339 570 391 vel
597 339 775 408 sperari
803 346 1062 406 poterant.
1153 331 1297 387 Nam
1335 335 1391 386 in
1427 344 1536 386 tam
1573 335 1758 406 exiguo
1796 339 2029 406 temporis

332 414 494 485 spatio
534 411 626 484 (stt
652 409 847 483 quidem
879 405 1103 474 Nemests
1138 407 1313 478 nostris
1336 408 1510 460 verbis
1542 406 1787 481 propitia)
1825 421 2029 462 tantam

338 506 402 541 ac
432 487 585 543 talem
620 502 783 537 rerum
820 485 1153 536 mutationem
1174 482 1326 553 paulo
1365 487 1486 535 ante
1528 501 1587 536 ne
1628 494 1796 554 optare
1832 484 2029 556 quidem

339 561 598 634 quisquam
625 557 854 610 audebat.
935 556 1040 610 Sed
1069 557 1267 630 quidest
1296 558 1481 625 causae,
1522 576 1609 610 cur
1644 560 1699 609 in
1723 556 1884 627 hasce,
1916 572 2032 629 per-

338 635 454 689 inde
492 631 622 701 aest
648 631 787 685 nihil
804 632 1021 704 amplius
1052 647 1166 705 opus
1190 630 1337 709 esset,
1378 629 1803 705 conquiesiamus,
1843 650 1904 685 ac
1932 651 2030 686 non

328 711 504 781 potius
529 717 885 761 convertamus
921 705 1085 760 oculos
1112 705 1183 759 ad
1204 724 1290 768 ea,
1331 706 1507 779 quibus
1531 708 1690 776 impia
1726 705 2033 776 Christiano-

336 801 447 837 rum
470 781 642 852 religio
668 784 918 843 creverit,
968 779 1022 834 id
1052 778 1144 850 cst,
1179 779 1247 835 ad
1267 781 1625 853 benignitatem
1650 784 1703 833 in
1722 785 2027 854 peregrinos,

338 857 412 910 ad
441 874 612 909 euram
657 856 719 909 ab
761 856 869 910 illis
906 859 965 910 in
991 857 1206 910 mortuis
1227 852 1522 927 sepeliendis
1555 854 1768 926 poſjtam
1795 892 1810 917 ,
1866 854 1927 913 (ἔγ
1965 855 2038 908 ad

324 931 720 1001 sanctimoniam
759 934 918 992 vita,
981 948 1135 1005 quam
1167 927 1446 997 fimulant?
1496 928 1726 999 Qiorum
1756 929 1953 1003 fingula
1998 928 2030 981 a

339 1005 477 1058 nobis
517 1005 802 1080 exequenda
843 1005 936 1076 csse
976 1003 1157 1067 cenfi’o·
1245 1003 1425 1078 Neque
1452 1002 1581 1070 satis
1610 1002 1676 1073 cst
1712 1005 1842 1068 istud
1864 1003 2033 1072 solum

339 1079 626 1148 institutum
637 1079 818 1147 sanb‘t’e
842 1079 1127 1149 observari:
1155 1077 1253 1147 fied
1273 1079 1430 1132 velim
1467 1095 1632 1131 omnes
1658 1076 1834 1148 nostros
1860 1077 2034 1130 Sacer-

340 1154 477 1208 dotes
503 1154 733 1216 omnino‚
773 1156 864 1228 qui
892 1155 1159 1210 Galatiam
1178 1154 1430 1214 incolunt,
1482 1150 1570 1206 vel
1594 1154 1749 1205 minis
1784 1150 2034 1224 impellas,

340 1230 436 1283 vel
468 1232 664 1283 ratione
692 1227 987 1301 persuadeas
1011 1264 1027 1290 ,
1089 1239 1146 1282 ut
1169 1226 1274 1293 stnt
1314 1226 1507 1296 honesti
1529 1248 1544 1280 .·
1594 1226 1687 1279 vel
1716 1225 2034 1280 Sacerdotali

339 1302 416 1356 M
413 1302 630 1373 inisterio
640 1304 851 1364 abdices,
853 1302 907 1371 fi
913 1321 1009 1356 non
1022 1320 1119 1356 una
1133 1321 1244 1356 cum
1258 1301 1490 1355 uxoribus
1502 1337 1518 1363 ,
1534 1300 1703 1354 liberis
1718 1299 2001 1371 &famulis
2017 1334 2034 1361 ‚

340 1376 475 1430 Diis
505 1378 716 1431 colendis
739 1378 904 1446 sedulo
926 1380 1124 1430 animos
1145 1376 1414 1430 attendant
1429 1406 1446 1439 ,-
1490 1374 1553 1434 ἔγ
1577 1394 1636 1429 ne
1654 1382 1919 1446 patiantur
1927 1375 2038 1443 ser-

342 1469 467 1512 vos,
510 1451 571 1508 ἄν
584 1452 759 1517 filios,
803 1464 896 1506 aut
919 1453 1153 1523 conjuges
1191 1451 1515 1520 Galilaeorum
1552 1449 1700 1524 impie
1727 1451 1787 1503 in
1815 1449 1961 1502 ‘Deos
1980 1446 2036 1515 se

332 1543 530 1596 gerere,
570 1524 632 1581 ὁ
657 1527 969 1596 impietatem
991 1529 1177 1594 pietati
1192 1539 1490 1593 praeponere.
1567 1522 1775 1576 ‘Deinde
1799 1523 2038 1577 Sacerdo-

341 1609 444 1651 tem
467 1605 704 1670 quemque
727 1596 960 1657 loortare,
1000 1614 1063 1648 ne
1095 1596 1298 1647 accedat
1323 1595 1679 1666 adspectacuta
1703 1614 1849 1657 neve,
1877 1598 1932 1647 in
1957 1607 2038 1649 ta-

343 1669 495 1724 berna
508 1671 665 1731 bibat,
687 1688 780 1723 neu
805 1682 966 1724 artem
990 1670 1218 1741 aliquam
1244 1682 1338 1723 aut
1371 1667 1622 1745 opificium
1673 1667 1799 1740 [hoc
1829 1687 2037 1740 quoque

341 1766 372 1798 a
399 1743 684 1798 Christianis
711 1744 882 1806 habet,
925 1744 996 1796 uti
1016 1761 1078 1796 ex
1106 1743 1348 1795 Conciliis
1372 1741 1533 1816 patet]
1562 1757 1705 1814 turpe
1731 1755 1821 1797 aut
1847 1741 2038 1813 infame

343 1832 584 1872 exerceat.
663 1819 742 1872 Et
764 1822 853 1892 qui
886 1818 986 1872 tibi
1009 1822 1066 1871 in
1091 1817 1173 1870 his
1209 1818 1349 1871 rebus
1375 1836 1558 1871 morem
1582 1831 1803 1891 gerunt,
1855 1836 1928 1870 eis
1949 1816 2035 1870 ho-

343 1911 509 1946 norem
533 1891 744 1946 tribuito
769 1921 784 1956 3
819 1897 910 1965 qui·
938 1903 1106 1945 autem
1131 1891 1354 1960 refistunt
1391 1891 1644 1963 expellito.
1730 1890 1897 1947 Porro
1929 1892 2035 1946 Xe-

339 1966 586 2020 nodochia
610 1967 772 2020 multa
794 1971 851 2019 in
872 1965 1186 2020 civitatibus
1211 1965 1454 2035 exstruito
1469 2002 1484 2028 ‚
1522 1978 1583 2020 ut
1604 1971 1851 2038 peregrini
1872 1966 2038 2027 nostra

343 2041 659 2112 benignitate
666 2039 916 2110 fruantur
931 2063 947 2095 .·
988 2059 1142 2113 neque
1161 2040 1330 2108 solum
1353 2040 1442 2103 hi,
1493 2045 1580 2114 qui
1616 2041 1827 2105 nostram
1863 2040 2034 2096 colunt

340 2115 662 2186 religionem,
688 2113 790 2182 sed
807 2118 902 2168 alii
934 2132 1151 2188 quoque,
1190 2111 1245 2178 fi
1267 2119 1354 2186 qui
1383 2118 1712 2181 pecuniarum
1747 2112 2032 2186 indigeant.

341 2195 417 2240 At
444 2191 609 2249 ratio,
650 2208 752 2260 qua
779 2207 855 2241 res
878 2191 975 2242 tibi
1001 2190 1073 2243 ad
1092 2187 1186 2240 hoc
1208 2188 1496 2258 institutum
1533 2188 1816 2259 necessariae
1839 2189 2033 2243 abunde

326 2261 628 2336 stippetant,
655 2281 686 2314 a
722 2281 797 2316 me
816 2266 1020 2317 interim
1055 2264 1343 2335 excogitata
1366 2262 1444 2331 cst.
1522 2262 1667 2316 Nam
1703 2280 1892 2335 30000.
1936 2281 2034 2317 mo-

339 2336 532 2390 diorum
570 2339 735 2390 tritici
759 2339 813 2390 in
836 2336 948 2391 tota
984 2337 1224 2397 Galatia,
1263 2335 1325 2395 &¹
1363 2344 1541 2391 60000
1559 2338 1903 2406 sextariorum
1938 2340 2028 2392 vi-

339 2414 394 2464 ni
430 2414 484 2464 in
492 2407 721 2482 fingulos
757 2430 924 2465 annos
970 2414 1087 2467 dari
1115 2410 1241 2483 juffi'
1257 2432 1279 2463 .·
1342 2429 1547 2483 quorum
1598 2415 1834 2485 quintam
1881 2410 2025 2467 Par-

341 2498 464 2538 tem>
530 2497 590 2539 ut
659 2484 1011 2541 Sacerdotibus
1075 2485 1363 2555 inserviant
1401 2521 1418 2548 ,
1527 2487 1869 2555 instimendam
1939 2482 2029 2551 effe

341 2559 550 2613 mando:
588 2560 722 2632 quod
741 2559 988 2634 reliquum
1012 2560 1078 2633 est
1099 2561 1380 2633 peregrinis
1403 2579 1461 2614 ac
1488 2563 1726 2616 mendicis
1747 2562 2027 2631 sublevan-

340 2632 418 2687 dis
450 2633 849 2704 distribuendum.
949 2634 1092 2694 Nam
1128 2648 1272 2709 turpe
1313 2634 1555 2709 Profhi‘i‘o
1593 2637 1687 2704 est,
1737 2652 1850 2691 cum
1885 2650 2028 2688 nemo

1351 2735 1361 2741 κ
1969 2726 2032 2762 ex
