2139 3100
524 171 742 225 SAOR1
787 167 1331 223 TAuRonoLn..
1674 188 1800 244 127.

160 277 237 332 Ac
262 267 422 326 forsan
449 266 512 319 eo
534 261 652 318 facit
673 261 779 315 haec
803 257 1006 330 sequens
1020 296 1036 323 ‚

587 428 1287 507 1.0.M

312 536 1562 594 VERlNVS.SEVER1NVS

612 618 1246 668 ALBVCIVS

519 699 1349 752 CRIOBOLIVM

619 781 1252 831 RESTITVIT

167 939 283 994 Nifi
308 941 390 994 illa
413 939 476 994 ad
500 939 717 993 iteratam
754 939 1167 1010 regenerationem
1200 951 1290 1010 per
1322 939 1613 995 criobolium
1641 960 1785 999 retra-⁴

95 1015 255 1068 henda
278 1016 347 1068 fit.
424 1015 476 1067 Si
499 1031 618 1066 vero
642 1014 722 1065 hic
744 1020 855 1065 Ara
884 1011 969 1063 sub
1005 1012 1204 1063 nomine
1225 1016 1445 1067 criobolit
1479 1014 1784 1089 designetur,

98 1089 221 1142 illud
247 1089 539 1142 criobolium
563 1087 782 1157 restituit
808 1087 1073 1158 legendum
1096 1086 1194 1148 est,
1230 1090 1366 1159 quasi
1380 1089 1618 1144 diceretur
1641 1114 1784 1149 aram

100 1181 211 1236 quae
239 1163 294 1216 ob
322 1162 840 1231 Crioboliumfafft'nm
864 1161 1025 1232 postta
1036 1160 1182 1232 fuit,
1221 1158 1458 1232 restituit.

170 1237 331 1308 Qod
342 1254 503 1291 tamen
521 1273 534 1297 ‚
554 1254 717 1288 annon
740 1236 883 1288 nimis
897 1237 1073 1289 durum
1091 1273 1104 1299 ‚
1134 1236 1358 1304 judicent
1371 1240 1572 1295 eruditi:
1612 1263 1788 1316 quam-

102 1312 176 1366 vis
214 1317 264 1364 &
302 1311 800 1371 hocwduriufculum,
840 1311 874 1364 s1
912 1328 1093 1382 nempe
1130 1313 1419 1366 criobolium
1458 1315 1676 1381 restituit
1716 1321 1788 1374 su·

106 1402 299 1439 mamus
319 1404 412 1457 pro
435 1389 652 1441 iteravit
667 1423 679 1441 ‚
722 1402 863 1456 aeque
888 1404 944 1439 ac
968 1386 1090 1439 illud
1114 1387 1299 1441 iterato
1325 1393 1522 1460 viginti
1556 1397 1700 1447 annis
1723 1416 1786 1451 ex

102 1462 343 1532 perceptis
376 1459 669 1528 tauropoliis
697 1461 755 1512 V
753 1461 796 1512 J.
841 1478 985 1513 aram
1017 1459 1293 1527 constituit.
1327 1499 1330 1502 ι
1371 1466 1488 1514 Sive
1522 1465 1651 1537 legas
1694 1472 1786 1524 ite-

106 1533 217 1587 rato
243 1534 533 1600 constituit,
569 1530 669 1583 five
689 1529 873 1584 iterato
901 1534 1102 1600 viginti
1132 1535 1310 1592 annos,
1357 1533 1390 1604 ζ
1392 1551 1486 1604 pro
1513 1539 1625 1606 post
1650 1541 1790 1598 XX,

104 1604 288 1675 annos)
311 1623 373 1657 ex
386 1607 635 1675 perceptis
659 1606 969 1673 tauropoliis.
1044 1602 1236 1655 Verum
1263 1605 1377 1657 talia
1400 1606 1682 1681 frequenter
1706 1619 1792 1671 ad.

106 1679 314 1732 modum
341 1682 389 1729 in
419 1676 808 1747 inscriptionibus
833 1694 1137 1730 marmorum
1169 1695 1447 1735 occurrunt.

174 1752 340 1824 Magis
369 1750 645 1820 interimneo
670 1751 955 1821 inclinatem
971 1796 985 1820 ,
1019 1752 1386 1824 restitutionem
1411 1757 1494 1811 hic
1519 1779 1613 1830 pro
1636 1766 1791 1821 itera-

106 1828 240 1883 tione
262 1825 355 1878 esse
376 1822 689 1878 sumendam:
724 1843 837 1897 quae
859 1826 1049 1879 iteratio
1070 1834 1492 1899 regenerationem
1506 1835 1640 1890 illam
1655 1853 1796 1894 aeter·

107 1920 221 1957 nam
257 1900 350 1974 (de
371 1919 468 1973 qua
505 1917 636 1953 nunc
677 1918 882 1972 quoque
919 1901 1265 1974 loquendum)
1299 1922 1387 1975 per
1430 1907 1644 1964 Sacrum
1682 1931 1794 1970 ante

107 1993 255 2030 annos
286 1976 459 2049 viginti
489 1974 799 2046 susceptum,
824 1974 856 2027 fi
893 1977 1063 2029 tandiu
1078 1974 1470 2048 superviverent,
1493 1984 1792 2054 perficiebat,

108 2052 301 2122 Scopus
315 2069 527 2124 namque
550 2052 822 2122 praecipuus
836 2070 1006 2103 eorum
1021 2089 1036 2114 ,
1072 2054 1161 2122 qui
1185 2051 1282 2106 hoc
1306 2055 1491 2109 sacrum
1508 2078 1600 2130 pro
1622 2060 1797 2120 semet-

112 2125 225 2196 ipsis
247 2124 589 2198 suscipiebant,
623 2142 723 2180 erat
746 2139 1055 2199 regeneratio
1079 2126 1305 2196 mystica,
1344 2149 1401 2183 ac
1432 2135 1640 2205 quidem
1663 2142 1798 2204 taliS,

116 2203 286 2270 quain
313 2214 551 2256 aeternum
587 2216 1007 2274 regenerarentur.
1087 2201 1248 2271 Qlod
1288 2205 1411 2259 clare
1446 2209 1678 2266 videmus
1713 2218 1794 2270 illa

119 2290 186 2326 ex
221 2273 527 2345 inscriptione
540 2314 555 2340 ,
603 2279 701 2340 iam
739 2275 884 2349 supra
914 2276 1055 2328 allata
1071 2313 1086 2337 ‚
1127 2278 1214 2329 ubi
1245 2278 1285 2333 S
1285 2282 1498 2336 extilius
1532 2288 1797 2360 Ageſslam

121 2346 398 2414 QAEdeszus
449 2353 508 2404 V.
562 2352 618 2405 C.
698 2352 1022 2406 TAURO
1044 2351 1341 2409 BOLIO.
1415 2357 1797 2419 CRlossO-

121 2419 472 2548 cIl.,.l{)QUE
511 2425 606 2479 IN
648 2425 1243 2484 AETERNUM
1299 2430 1795 2494 RENATUS

159 2512 317 2551 iciur.

195 2570 327 2653 Qum
361 2583 520 2622 tamen
553 2581 855 2648 regeneratio
885 2596 973 2650 per
1006 2595 1160 2631 annos
1185 2590 1376 2632 tantum
1415 2583 1592 2656 viginti
1618 2589 1796 2656 perdu-

125 2644 240 2697 raffe
262 2645 480 2709 videtur,
514 2645 549 2700 fi
573 2666 657 2721 per
681 2666 870 2706 tantum
897 2654 1136 2727 temporis
1169 2651 1377 2725 spatium
1399 2655 1452 2709 hi
1475 2663 1802 2717 tauroboliati

1643 2734 1803 2810 super-
