2139 3100
247 106 347 161 DE
384 100 1062 156 STEPHANEPHORIS
1107 103 1566 168 GRAECORUM,
1600 109 1696 158 &c.
1740 111 1833 181 365

169 196 545 250 examinatione
571 193 880 265 judicaturi,
929 192 1194 269 diligenter
1242 193 1514 261 observent.
1583 195 1844 255 Habitent

171 283 337 323 autem
363 280 579 339 tempore
592 285 685 340 quo
697 272 912 320 rationes
934 268 1045 338 ipsis
1068 267 1364 330 redduntur,
1400 273 1452 323 in
1466 270 1566 324 loco
1587 272 1674 326 ubi
1698 273 1842 328 eleth·

158 343 406 416 fuerunt,
448 342 553 394 doli
575 353 726 415 atque
754 342 982 412 Apollini
1005 341 1240 395 dedicato.
1316 343 1392 396 Et
1417 356 1526 398 tum
1552 360 1634 418 per
1648 347 1709 414 Je
1736 352 1846 421 qui·

174 419 322 478 libet,
367 430 478 470 tum
516 419 841 468 communiter
879 418 1106 469 omnibus
1144 416 1406 489 diligenter
1432 420 1751 493 perqutfitis,
1790 423 1850 477 de

161 491 382 564 singulis
409 488 779 562 magistratibus
792 489 987 560 publice*
1006 489 1310 561 perscribant
1326 530 1345 553 ,
1383 493 1508 563 quid
1522 498 1633 563 pati
1658 509 1736 548 eos
1761 499 1850 551 da-

177 583 298 618 reve
345 583 407 617 ex
453 564 838 634 repetundarum
867 564 1101 637 judicum
1129 564 1396 635 sententia
1444 566 1629 620 deceat.
1705 571 1787 625 Ac
1801 572 1862 640 st

176 642 289 711 quis
317 637 636 709 magistratus
662 636 838 690 horum
864 637 1059 708 judicio
1086 656 1182 694 non
1205 640 1333 692 recte
1346 639 1405 707 se
1437 640 1730 696 damnatum
1758 645 1853 717 esse

178 717 455 784 quaritur,
493 712 562 766 ad
581 712 784 765 eleo‘t'um
803 712 1048 781 judicium
1084 713 1468 786 repetundarum
1486 714 1686 787 judices
1721 720 1779 773 a'e
1806 737 1852 773 e-

178 800 281 840 rat.
369 787 448 841 Et
466 785 524 852 st
556 785 805 851 evaserit,
847 787 1040 853 accuset
1073 806 1154 840 eos
1172 787 1227 856 fi
1265 789 1415 841 velit.
1493 787 1554 842 Si
1581 802 1749 846 autem
1785 795 1856 848 ibi
1948 843 1960 855 ,

180 878 372 934 quoque
394 861 688 920 damnetur,
728 871 884 932 atque
910 873 1063 913 antea
1098 863 1161 915 ab
1184 860 1293 934 ipsts
1321 864 1699 930 repetundarum
1715 868 1858 938 judi-

183 933 325 988 cibus
358 944 515 986 morte
522 931 695 1002 fuerit
721 934 1076 988 condemnatus
1093 968 1110 998 ,
1155 933 1569 1010 quemadmodum
1603 942 1859 1010 necfftas·

183 1011 345 1078 exigit
372 1012 638 1060 moriatur.
712 1005 931 1074 „Quodsi
947 1007 1007 1061 ed
1035 1009 1200 1064 multd
1224 1010 1287 1064 ab
1310 1012 1413 1065 illus
1439 1006 1708 1068 damnatus
1730 1014 1857 1087 fue-

184 1085 283 1141 rit,
322 1100 421 1154 qua
454 1081 604 1151 dupla
643 1080 707 1134 ab
743 1079 843 1152 ipsb
878 1083 1092 1153 persolvi
1122 1084 1313 1156 potest,
1350 1087 1550 1158 duplam
1587 1089 1857 1159 persolvat.

187 1153 289 1208 Sed
294 1158 418 1230 jam
443 1150 742 1208 audiendum
767 1154 833 1224 est
848 1192 864 1219 ,
899 1175 1008 1229 quae
1031 1155 1206 1212 horum
1231 1160 1289 1213 de
1313 1160 1590 1231 repetundis
1598 1161 1860 1231 sententiae

188 1228 250 1287 ό*
277 1230 508 1302 quomodo
534 1227 763 1300 ferendae
783 1228 906 1298 fint.
983 1230 1090 1285 Hos
1126 1235 1284 1305 igitur
1315 1238 1401 1307 qui
1440 1236 1595 1288 totius
1622 1240 1862 1296 civitatis

188 1302 420 1372 consensu
443 1303 664 1357 omnibus
689 1303 935 1378 praepofiti
945 1307 1072 1375 sunt
1088 1342 1103 1368 ,
1135 1309 1281 1362 donec
1305 1312 1535 1363 vixerint
1565 1314 1722 1380 primi
1747 1335 1863 1370 con-

177 1376 340 1448 fi’ssus
364 1379 550 1453 semper
580 1382 637 1431 in
673 1380 900 1433 omnibus
941 1382 1350 1449 solemnitatibus
1382 1382 1712 1453 praebeantur.
1788 1389 1863 1445 Et

190 1452 571 1523 quandocunque
595 1451 666 1503 ad
685 1454 968 1505 communia
994 1452 1275 1520 Graecorum
1311 1456 1607 1510 Certamina
1642 1478 1702 1512 ac
1725 1463 1865 1518 ludos

194 1527 288 1582 2A
297 1522 344 1574 R
361 1525 406 1576 C
419 1522 481 1575 H
489 1522 521 1573 l
529 1525 582 1576 T
584 1520 655 1576 H
660 1520 767 1576 EO
788 1522 950 1577 ROS
984 1527 1187 1580 mittere
1229 1526 1262 1581 ὰ
1295 1528 1515 1583 civitate
1553 1535 1734 1605 necesse
1769 1538 1862 1608 est,

199 1612 263 1647 ex
320 1596 423 1670 istis
475 1600 772 1651 mittantur.
846 1597 924 1649 Hi
944 1598 1041 1665 solz¹
1094 1604 1146 1654 in
1198 1600 1387 1657 CIV]
1401 1602 1514 1656 TA
1530 1605 1639 1659 TE
1683 1613 1863 1666 corona*

191 1669 363 1722 laurea
395 1684 688 1725 coronentur
710 1699 729 1735 5
792 1670 849 1724 hi
889 1671 927 1726 S
943 1673 990 1725 O
1007 1673 1057 1727 L
1073 1673 1103 1724 l
1117 1674 1154 1727 S
1192 1676 1253 1735 ἕν
1288 1675 1450 1738 2AP
1465 1679 1516 1732 Ο
1536 1680 1585 1733 L
1603 1679 1648 1730 L
1662 1683 1696 1736 I
1705 1685 1811 1739 NI
1825 1687 1866 1740 S

192 1742 482 1798 Sacerdotes
494 1745 620 1815 stnt.
698 1746 1034 1810 Archiereus,
1061 1749 1157 1816 seu
1190 1750 1434 1824 Pontifex
1458 1756 1613 1823 etiam
1633 1759 1866 1826 summus

182 1816 398 1888 fingult's
423 1822 577 1873 annus
605 1829 667 1873 ex
690 1818 772 1873 hos
798 1818 885 1873 ille
904 1820 1001 1885 sit,
1039 1825 1380 1896 q'uifiiperiori
1400 1844 1534 1889 anno
1566 1836 1759 1887 caeteris
1783 1854 1866 1890 ex-

197 1891 401 1962 celluiffe
412 1894 756 1959 sacerdotibus
761 1893 1101 1970 judicabitur.
1175 1898 1352 1975 Hujus
1367 1914 1586 1966 nornine,
1623 1909 1867 1983 qnoufiffle

201 1966 395 2020 civitas·
419 1967 755 2031 habitabitur,
793 1982 1015 2040 tempora
1037 1971 1420 2046 distinguantur.

276 2039 442 2094 Multa
462 2041 567 2094 iane
590 2045 653 2097 ad
677 2042 781 2096 haec
806 2043 1026 2097 Platonis
1050 2046 1192 2099 verba
1223 2054 1378 2102 notari
1404 2051 1621 2122 possent:
1661 2075 1773 2128 quae
1797 2074 1869 2113 ta.

202 2131 314 2168 men
344 2119 395 2168 ὃς
429 2115 552 2170 infra
575 2116 702 2171 forte
729 2118 901 2174 locum
936 2121 1176 2191 reperient
1187 2154 1212 2192 ⁵.
1256 2139 1310 2178 ut
1344 2125 1407 2178 de
1442 2143 1606 2182 annuo
1637 2148 1866 2200 munere,

204 2191 266 2243 de
303 2191 569 2262 ἐπωνυμίαι,
608 2199 705 2248 &c-

273 2254 517 2318 Videmus‘
557 2266 720 2340 itaque
763 2268 848 2323 hic
892 2270 1024 2342 apud
1073 2268 1356 2344 Magnefids
1405 2269 1870 2352 Stephanephorum

207 2339 494 2410 ..Apollinis
518 2358 574 2392 ac
598 2340 727 2396 Solis
753 2344 1063 2399 Sacerdotem
1079 2382 1093 2407 ,
1133 2345 1395 2400 secundum
1419 2348 1677 2420 Platonem
1692 2373 1713 2413 ,·
1750 2356 1872 2413 ficut

206 2416 258 2464 ὅτ
283 2411 416 2482 apud
442 2413 692 2470 Tarsenses
715 2416 857 2490 supr&
879 2420 1024 2474 talem
1051 2419 1285 2475 Herculis
1310 2419 1618 2480 Sacerdotem
1645 2430 1871 2497 vidimus.

210 2503 300 2538 nec
335 2487 514 2540 dubito
543 2491 679 2561 apud
699 2492 821 2546 -alios
847 2494 974 2568 ipsos
999 2495 1206 2549 aliorum
1241 2497 1338 2548 Dei
1362 2499 1673 2565 Deorumve,
1711 2503 1875 2562 Sacer-

209 2560 354 2617 dotes
389 2559 565 2628 fuisse3
617 2567 847 2636 peculiari
879 2588 1061 2640 nempe
1094 2571 1301 2625 ratione:
1339 2587 1497 2645 quum
1531 2575 1645 2630 alius
1675 2595 1739 2633 ex
1772 2577 1872 2638 alifs

979 2645 1028 2700 Z
1042 2662 1075 2700 Z
1117 2662 1144 2716 3
1715 2654 1878 2712 Sacer-
