2139 3100
287 181 390 240 154
662 150 1668 216 DEOR1G1NEAcR1T1nus

286 256 446 312 nenda
473 254 586 309 adeo
605 247 934 326 debacchatus
961 241 1044 295 est.
1122 243 1204 296 De
1228 261 1327 318 qua
1358 260 1409 297 re
1428 243 1593 298 adhuc
1623 243 1746 298 infra
1780 243 1969 319 aliquid

285 328 321 387 'a
344 349 424 385 me
448 327 713 382 dicendum
736 333 837 372 ent.

368 406 520 460 Vates
545 407 705 468 itaque
728 406 859 444 erant
886 408 943 444 ac
971 390 1250 457 Fanatici,
1279 411 1419 468 aeque
1445 409 1594 468 atque
1633 393 1706 448 illi
1739 391 1971 449 Bellonae.

293 482 435 536 Hinc
457 479 615 545 itaque
631 466 884 540 Juvenalis
912 466 1012 521 Sat.
1040 467 1146 523 VI.

432 648 580 665 ———-·
656 645 802 660 ·-—-
875 644 1024 662 ·--
1095 644 1245 662 ·--
1315 623 1453 677 Ecce
1474 619 1708 690 furentis

442 694 661 748 Bellonae
689 692 976 764 Matr-isque
1004 692 1182 747 ‘Deum
1213 696 1397 750 chorus
1421 699 1619 757 intrat,
1656 691 1718 752 ὠ
1749 695 1925 766 ingens

440 770 697 829 Semivir,
727 768 936 836 obscaeno
945 764 1118 837 facies
1146 772 1417 824 reverenda
1445 773 1653 831 minori,

441 843 624 899 Mollia
648 840 736 915 qui
760 851 910 912 rupta
920 841 1087 909 secuit
1105 843 1357 913 genitalia
1391 843 1515 912 testa

435 920 562 991 Jam
580 916 773 988 prtdem
788 933 810 975 ,⁴
847 919 928 968 cut
955 933 1110 968 rauca
1134 915 1333 980 cohors,
1373 923 1454 970 cm
1473 929 1703 988 tympana
1728 915 1910 970 cedunt

440 992 676 1066 Plebeja‚
715 989 775 1049 dy
806 988 1042 1062 ‘Phrygia
1067 988 1286 1059 vestitur
1315 991 1469 1046 bucca
1492 993 1661 1045 tiara:

439 1065 640 1122 Grande
648 1065 837 1135 fimat,
875 1068 1129 1137 metuique
1143 1064 1322 1140 jubet,
1362 1064 1469 1125 &a

371 1176 451 1231 De
477 1175 653 1250 quibus
678 1180 730 1230 &
757 1176 980 1242 Perfius,
1017 1176 1115 1232 Sat.
1144 1177 1215 1234 V.

435 1285 812 1360 Hinc'grandes
835 1286 977 1341 Galli
1001 1283 1065 1345 ἕν’
1089 1304 1203 1342 cum
1209 1286 1354 1362 szstro
1379 1287 1518 1358 lusca
1543 1284 1781 1341 Sacerdos

434 1361 684 1431 Incossere
707 1359 850 1416 Deos
865 1361 1104 1432 inflantes
1124 1376 1323 1435 corpora
1337 1361 1413 1429 ,si
1432 1381 1528 1417 non

443 1433 750 1490 Praedio't'um
773 1448 850 1490 ter
874 1454 1022 1490 mane
1043 1449 1193 1510 caput
1205 1437 1500 1510 gustaveris
1526 1436 1638 1492 alli.

373 1580 581 1651 Nempe
615 1583 668 1631 &t
705 1577 921 1632 Bellonae
945 1580 1165 1634 fanaticis
1201 1583 1313 1653 (qui
1349 1581 1444 1635 sese
1479 1583 1696 1636 maxime
1734 1578 1799 1634 ad
1823 1578 1979 1634 aedem

299 1652 521 1707 Bellonae
535 1651 788 1705 ostentasse
801 1651 1043 1715 videntur,
1058 1669 1207 1724 prout
1217 1673 1279 1707 ex
1292 1654 1435 1706 Grut.
1451 1673 1563 1726 pag.
1585 1670 1646 1723 31
1661 1671 1704 1704 2.
1719 1670 1768 1725 7.
1785 1656 1837 1705 &
1853 1670 1974 1725 313.

313 1744 357 1779 1.
387 1743 614 1798 apparere
643 1727 864 1795 videtur)
886 1725 1102 1780 &Gallis
1116 1763 1132 1790 ‚
1139 1730 1413 1799 junguntur
1427 1763 1442 1789 ,
1464 1726 1741 1793 utejusdem
1755 1744 1980 1781 comma.

300 1802 387 1861 τίς,
429 1799 584 1868 Isiaci.
615 1799 1098 1875 unde&Juvenalis,
1135 1803 1287 1854 rursus
1303 1806 1468 1872 Satyra
1479 1801 1642 1855 sexta:
1670 1802 1756 1874 qui
1756 1820 1908 1876 grege
1920 1805 1979 1859 li-

301 1876 472 1946 m'gero
491 1871 826 1927 circumdatus
843 1908 859 1935 ‚
894 1873 957 1931 (ἐν
970 1892 1121 1947 grege
1142 1875 1290 1930 calvo
1315 1875 1626 1948 Plangentis
1635 1876 1797 1947 populi
1810 1911 1827 1937 ,
1868 1895 1978 1934 cur-

303 1951 375 2002 rit
401 1948 582 2015 dert'sor
612 1948 829 2001 Anubis.
876 1948 1015 2013 Quin
1041 1952 1091 2001 &
1121 1948 1236 2021 ipsae
1250 1948 1371 2002 Deae
1397 1949 1586 2023 Diique
1612 1964 1735 2004 mter
1758 1948 1805 2002 se
1825 1969 1977 2024 quan-

304 2020 477 2094 doque
502 2020 899 2076 confunduntur:
942 2036 998 2076 ut
1018 2039 1082 2078 ex
1100 2023 1144 2078 F
1148 2022 1286 2078 astor.
1313 2040 1365 2094 4.

448 2169 641 2244 Ecquis
664 2175 740 2224 ita
764 2170 830 2236 est
854 2169 1026 2227 audax
1049 2174 1137 2248 qui
1163 2174 1336 2228 limine
1359 2185 1502 2244 cogat
1526 2172 1663 2227 abire

513 2247 808 2316 JacJantem
836 2245 1065 2321 Phrygis?
1085 2249 1287 2303 tinnula
1295 2247 1445 2319 sistra
1467 2266 1619 2303 manu
1632 2247 1661 2301 ?

453 2323 598 2376 Ante
622 2322 799 2375 ‘Deum
828 2320 1055 2377 Matrem
1083 2341 1230 2378 cornu
1255 2322 1456 2377 szicen
1481 2321 1671 2376 adunco

515 2397 646 2451 Cum
669 2401 836 2451 canit,
878 2400 1070 2469 extguae
1097 2401 1212 2472 quis
1220 2398 1367 2469 stipis
1391 2416 1494 2453 aera
1516 2397 1697 2470 neget?

451 2471 647 2526 Sctmus
673 2472 735 2526 ab
757 2474 962 2544 imperio
972 2470 1091 2540 fieri
1113 2472 1192 2526 nil
1208 2472 1312 2526 tale
1334 2471 1531 2526 Dianae
1544 2512 1563 2540 ,

515 2543 660 2603 Unde
687 2559 854 2603 tamen
875 2552 1038 2604 vivat
1061 2549 1372 2604 vaticinator
1395 2545 1561 2603 habet.

1825 2691 1968 2748 Con·
