2139 3100
276 181 377 263 332
686 186 1179 238 Drssx-:RTATm
1221 178 1537 245 QUARTA

284 279 427 353 [nam
454 278 538 330 sub
564 277 732 330 Nerva
756 276 972 341 Trajano
997 270 1103 322 haec
1138 268 1387 340 inscriptio
1421 269 1577 338 posita
1606 270 1726 338 fuit]
1766 276 1962 346 ymno-'935

284 348 445 408 fastos
472 353 646 410 velint;
683 348 763 399 sed
786 344 927 415 quod
951 344 1097 414 primi
1123 358 1348 415 ternpore
1374 343 1550 416 νεοκέροι
1575 343 1779 398 fuerant.
1820 352 1966 418 quip-

289 445 353 501 pe
380 427 464 495 qui
483 426 580 491 jam
604 420 687 472 sub
703 418 890 471 Caesare
905 419 1129 490 Augusto
1154 419 1283 471 hunc
1308 420 1476 489 adepti
1500 418 1690 473 fuerant
1712 421 1973 473 honorem.

297 506 461 566 Atque
488 496 549 546 s1c
579 491 920 564 Smyrnenses,
961 495 1190 565 quamvis
1215 513 1314 546 non
1338 492 1541 560 πξαίτες,
1580 510 1707 548 certe
1731 493 1775 546 se
1804 514 1857 556 r,
1894 492 1975 546 seu

294 569 381 641 μῖξις
412 562 599 640 νεωκέρες
629 568 874 638 appellare
900 568 1186 638 potuissent:
1235 587 1390 641 quum
1431 568 1541 639 ipsis
1562 571 1662 640 jam
1689 568 1976 622 concessum

292 644 433 704 effet,
471 657 522 694 ut
553 644 599 695 Τ
604 642 825 712 emplum
865 642 1086 704 Yzberm,
1130 647 1470 716 (Matrique,
1518 642 1581 702 ὠ
1607 645 1821 699 Senatui
1859 644 1979 698 aedi-

293 717 492 770 ficarent
530 721 579 769 δε
619 716 966 770 consecrarent.

366 790 555 845 Verum
581 789 667 843 ista
687 792 893 845 ambitio
916 807 1035 845 tunc
1063 791 1288 845 nondum
1315 793 1380 845 ita
1401 794 1646 865 gliscebat.
1726 795 1796 847 At
1818 811 1976 866 quum

294 868 526 936 temporis
552 867 736 931 trastu,
770 868 916 920 etiarn
955 866 1042 920 sub
1078 868 1181 921 aliis
1222 869 1450 939 Augustis
1489 870 1648 939 plures
1688 872 1826 920 urbes
1861 870 1980 922 cum

295 940 549 1004 Afiaticae‚
587 956 696 996 tum
735 946 784 996 &
823 943 958 1004 aliae,
1005 942 1137 995 hunc
1180 943 1424 995 honorem
1474 941 1843 1013 adipiscerentur
1885 942 1976 1016 (ut

294 1014 535 1069 Abollain
550 1018 741 1080 Sicilia,
780 1017 1004 1080 Criss‘aei,
1042 1017 1299 1092 Cydonii,
1326 1017 1533 1090 aliique)
1573 1017 1975 1087 majorambitiO,

296 1104 444 1162 atque
468 1092 582 1145 hinc
604 1093 858 1147 aemulatio
885 1094 1119 1146 accrevit:
1158 1097 1209 1145 &
1249 1107 1302 1144 ut
1340 1092 1601 1163 praesertim
1640 1093 1765 1143 inter
1805 1106 1980 1161 poten-

299 1166 470 1228 tioreS,
510 1167 574 1220 sic
600 1171 814 1222 maxime
837 1170 959 1221 inter
987 1167 1070 1221 has
1095 1182 1213 1230 treS,
1259 1168 1322 1221 de
1348 1168 1527 1240 quibus
1553 1183 1682 1219 nunc
1719 1165 1859 1218 nobis
1886 1163 1980 1218 ser·

297 1257 386 1291 mo
429 1240 523 1305 est,
571 1241 855 1314 Ephesum,
890 1242 1181 1316 Smyrnam,
1221 1260 1277 1294 ac
1318 1242 1626 1316 Pergamum.
1703 1239 1870 1315 Gnofiz'
1917 1255 1988 1292 ta-

296 1332 445 1378 men,
483 1318 529 1370 in
556 1318 737 1374 Creta,
778 1319 1010 1372 maturius
1049 1315 1252 1391 (utpote
1288 1315 1373 1370 sub
1405 1317 1513 1390 ipso
1538 1315 1728 1372 Caesare
1755 1315 1984 1388 Augusto

296 1389 420 1442 ficut
452 1397 501 1446 &
530 1394 733 1446 Ilienses,
809 1394 912 1447 Sub
947 1391 1109 1465 Julio)
1150 1393 1197 1445 se
1232 1393 1297 1453 3³¹5
1329 1391 1526 1467 νεωκέρες
1563 1390 1875 1462 scripserant:
1917 1407 1983 1442 ex

294 1463 384 1515 ista
407 1483 584 1537 nempe
608 1467 772 1529 causa,
813 1468 955 1537 quod
983 1467 1311 1537 Labyrinthus
1325 1471 1429 1536 jam
1453 1468 1694 1520 restitutus
1720 1464 1860 1527 esset,
1898 1463 1988 1537 (si-

300 1539 404 1590 cuti
431 1542 630 1609 conjicit
658 1537 978 1610 Harduinus)
1022 1539 1099 1590 vel
1126 1557 1188 1591 ex
1210 1540 1301 1590 alia
1328 1542 1450 1592 mihi
1476 1540 1741 1609 incognita.

372 1614 454 1666 An
481 1628 644 1666 autem
668 1613 942 1684 primorum
970 1611 1306 1682 Augustorum
1339 1612 1647 1683 temporibus
1691 1612 1851 1681 plures
1874 1614 1984 1684 qui-

304 1687 422 1740 dem
449 1687 671 1742 Neocort'
699 1685 815 1740 faffi
853 1686 977 1752 sint,
1023 1686 1333 1755 paucioribus
1372 1705 1489 1738 vero
1529 1685 1663 1737 Sacri
1696 1685 1828 1738 Ludi
1864 1704 1984 1739 con-

305 1761 419 1815 cessi
433 1800 452 1827 ,
487 1762 708 1819 dubitare
721 1762 834 1834 quis
845 1760 993 1833 poss'tt
1006 1759 1183 1812 exinde
1199 1801 1219 1820 ,
1242 1760 1384 1831 quod
1406 1759 1568 1832 (apud
1592 1759 1845 1831 Dionem)
1885 1764 1989 1815 Au-

307 1835 474 1908 gustus
520 1837 631 1892 solis
682 1837 995 1909 Pergamenis
1044 1834 1324 1888 concesserit
1368 1849 1423 1887 ut
1472 1834 1646 1888 Ludos
1698 1834 1872 1888 Sacros
1919 1835 1989 1890 fa-

309 1928 486 1966 cerent.

390 1988 457 2037 At
495 1988 609 2041 alibi
642 1987 776 2041 Ludi
812 1985 945 2041 Sacri
981 1984 1114 2039 suere
1151 1985 1351 2039 instituti
1377 2018 1394 2048 ,-
1441 1986 1524 2038 ubi
1560 1986 1762 2039 minime
1799 1983 1990 2039 constat

315 2058 536 2130 Templa
552 2061 851 2122 CaesaribuS,
897 2061 1042 2132 (huic
1065 2061 1225 2125 illive,
1251 2060 1524 2131 pluribusve
1539 2060 1708 2133 simul)
1749 2058 1886 2114 fuiffe
1907 2060 1996 2113 de-

315 2132 489 2185 dicata.
565 2134 703 2187 Sicut
737 2134 889 2188 rursus
923 2134 1125 2208 Ephesii
1159 2136 1373 2190 Neocori
1410 2136 1457 2188 in
1480 2136 1691 2188 nummis
1726 2154 1826 2187 non
1852 2153 1992 2189 com-

318 2220 488 2277 parent
514 2223 625 2260 ante
650 2208 924 2264 Neronem.
961 2211 1105 2283 quod
1128 2228 1188 2263 an
1218 2209 1447 2263 acciderit
1472 2211 1674 2283 quando
1695 2212 1794 2283 jam
1820 2210 1858 2261 is
1884 2208 1994 2262 Ne-

317 2299 375 2333 ro
397 2284 660 2337 certamina
683 2283 764 2338 sua
804 2303 888 2357 per
921 2284 1194 2348 Graeciam,
1229 2301 1289 2338 ac,
1317 2284 1462 2356 ludos
1490 2285 1772 2347 celebraret,
1807 2283 1992 2357 disqui-

318 2356 530 2410 rendum
575 2357 728 2412 restat.

388 2431 566 2501 Qum
589 2447 750 2486 autem
777 2435 878 2505 jam
909 2434 1131 2506 plurimae
1171 2435 1342 2498 urbes,
1392 2434 1466 2487 hae
1498 2435 1703 2506 quidem
1736 2434 1826 2489 sub
1863 2432 1991 2495 hoc,

316 2503 415 2558 istae
448 2525 568 2561 vero
600 2507 685 2560 sub
719 2509 814 2562 alio
851 2511 1142 2582 imperatore
1169 2548 1184 2574 ,
1231 2513 1355 2582 quin
1391 2514 1441 2562 &
1489 2512 1651 2581 plures
1684 2509 1988 2584 quandoque

317 2578 459 2633 simul
495 2581 583 2635 sub
621 2601 721 2636 uno
756 2584 1033 2658 eodemque
1060 2616 1078 2650 ,-
1135 2585 1392 2657 pluresque
1422 2587 1525 2655 jam
1571 2584 1616 2637 se
1653 2586 1723 2639 bis
1763 2581 1897 2656 (imo
1935 2586 1990 2636 Sc

313 2653 551 2728 Smyrnaei
575 2659 679 2727 jam
713 2658 835 2713 olim
853 2662 984 2732 4333)
1012 2659 1264 2717 Neocoras.
1284 2659 1569 2725 scriberent,
1607 2659 1855 2714 aemulatio
1873 2652 1989 2719 ista,

1883 2747 1987 2801 qua
