2139 3100
302 126 404 195 164
679 103 1678 171 DEOR101NEACR1TIBUS

380 215 491 269 Hos
518 224 681 264 autem
707 200 976 270 Parasttos
1001 196 1098 248 fere
1121 193 1262 247 fuisse
1286 195 1419 265 apud
1450 195 1793 260 AthenienieS,
1830 199 1973 272 quod

305 288 555 361 Epulones
593 281 726 355 apud
763 277 1054 331 Romanos,
1103 270 1296 340 optime
1332 286 1445 322 meo
1479 271 1701 340 judici0‚
1754 273 1973 327 observat

307 364 648 417 Casaubonus:
699 351 831 420 cujus
863 343 1300 397 animadveriiones
1348 346 1397 395 in
1447 344 1579 397 hunc
1629 345 1854 399 Athenaei
1902 349 1974 400 lo-

307 454 420 490 cum
452 431 664 486 consulat
701 423 913 480 Leston
966 420 1086 472 ficut
1120 423 1171 471 &
1205 417 1533 492 Hesychium.
1610 422 1858 488 Quamvis
1894 439 1975 474 au-

305 527 406 564 tem
436 509 497 559 ad
526 497 831 575 propofitum
865 494 1083 548 nostrum
1121 493 1206 548 hie
1239 494 1292 547 id
1333 492 1454 546 nihil
1477 493 1654 556 faciat,
1690 510 1853 547 tamen
1888 513 1975 548 oc-

305 584 494 637 castone
521 581 608 629 hac
642 574 754 626 data
777 571 966 643 aliquid
991 570 1054 621 de
1094 570 1335 623 Alumnis
1358 566 1608 635 Faustinae
1642 569 1974 640 adjiciendum

303 659 395 720 jam
429 647 807 724 praecedentibus
833 658 985 715 puto:
1025 645 1168 715 quod
1202 641 1288 694 ista
1316 661 1414 695 non
1450 641 1602 715 usque
1636 643 1764 697 adeo
1800 645 1974 716 vulga.

279 731 365 782 ‘ria
387 728 492 780 fint.
572 721 726 796 Apud
751 719 1061 791 Spartianum
1081 718 1308 771 videmus
1330 735 1510 788 pueros
1537 734 1593 770 ac
1622 719 1803 789 puellas
1840 719 1888 770 in
1915 720 1972 773 id

299 803 472 856 elefitas
497 814 550 853 ut
572 818 598 851 a
624 795 876 852 Caesarum
914 792 1115 845 nomine
1151 793 1417 863 appellati,
1466 789 1684 863 ipsorum
1722 792 1974 847 Caesarum

298 878 497 949 sumptu
537 875 764 927 alimenta
786 881 1040 941 caperent,
1075 864 1153 918 seu
1180 865 1376 937 publice
1398 866 1655 920 alerentur:
1695 868 1747 920 id
1773 869 1905 920 enim
1935 869 1974 921 is

298 950 535 1022 exemplo
557 945 791 1022 Trajani,
827 945 877 997 in
905 940 1151 997 Hadriani
1182 941 1286 995 vita
1319 941 1385 993 ita
1409 939 1650 995 ostendit:
1697 940 1877 996 Pueris
1914 962 1975 996 ac

286 1027 499 1100 puellis,
537 1024 716 1099 quibus
739 1023 895 1075 etiam
932 1018 986 1072 T
976 1018 1182 1089 rajamts
1218 1016 1458 1069 alimenta
1495 1015 1776 1077 detulerat,
1817 1019 1976 1069 incre-

298 1113 518 1156 mentum
558 1095 880 1155 liberalitatis
915 1093 1121 1167 adjecit.
1200 1091 1341 1145 Hos,
1364 1103 1527 1144 autem
1561 1108 1589 1142 a
1622 1091 1845 1162 Trajano
1881 1091 1978 1161 pri-

296 1179 435 1229 mum
462 1191 643 1228 nomen
667 1168 856 1225 traxisse
887 1166 1043 1222 docet
1080 1165 1283 1241 sequens
1294 1203 1312 1232 ,
1347 1166 1484 1238 apud
1518 1164 1817 1229 Gruterum,
1858 1181 1974 1238 pag.

299 1253 450 1321 1084.
480 1265 528 1321 7.
566 1247 842 1318 inscriptio:
885 1323 904 1333 -

359 1413 519 1479 IMP
596 1454 606 1465 .
680 1408 1057 1468 NERVAE
1132 1452 1144 1462 .
1219 1394 1647 1466 TRAIAN.
1719 1407 1904 1463 AUG

362 1506 661 1562 GERM
769 1547 782 1558 .
896 1508 938 1559 P
1054 1545 1068 1558 .
1193 1510 1416 1564 MAX
1522 1547 1537 1564 .
1651 1504 1906 1561 TR1ss

357 1600 772 1655 POTEST
852 1637 868 1653 .
951 1596 1145 1650 cos
1225 1638 1239 1651 .
1317 1599 1491 1651 1111
1568 1640 1578 1650 .
1654 1597 1698 1648 P
1773 1638 1785 1650 .
1857 1598 1902 1652 P

358 1701 868 1761 NOMINE
1012 1739 1026 1752 .
1171 1696 1900 1756 PUERORUM

672 1791 1575 1862 PUELLARUMQUE

767 1883 1497 1945 ULPIANORUM

357 2052 475 2114 Sic;
514 2053 631 2107 teste
654 2051 984 2125 Capitolino,
1024 2050 1300 2105 Antoninus
1322 2048 1438 2104 Pius
1461 2047 1809 2119 Faustinianas
1832 2054 1967 2134 pitel-

287 2130 366 2185 las·
390 2128 634 2195 instituit,
673 2128 987 2181 inhonorem
1011 2128 1181 2179 uxoris
1205 2125 1479 2194 Faustinae,
1518 2143 1671 2197 quam
1696 2126 1840 2179 tertio
1872 2144 1972 2180 un-
2076 2152 2082 2159 ·

287 2203 410 2275 perii
431 2220 561 2254 anno
587 2200 823 2256 amiserat:
865 2204 933 2256 ita
967 2202 1098 2255 enim
1126 2200 1226 2253 ille:
1280 2197 1485 2254 Puellas·
1520 2200 1869 2255 alimentarias
1906 2205 1966 2255 in

286 2277 520 2331 honorem
542 2276 787 2348 Faustinae
812 2275 1164 2347 Faustinianas
1186 2274 1455 2345 constituit.
1528 2278 1605 2328 Ac
1629 2275 1769 2345 hujus
1795 2292 1968 2328 exem-

285 2352 375 2423 plo
399 2351 564 2422 postea
600 2352 807 2426 (eodem
830 2352 1032 2406 testante
1062 2347 1385 2422 Capitolino)
1427 2349 1508 2403 M.
1533 2351 1812 2404 Antoninus
1849 2349 1966 2403 Phi-

278 2424 518 2497 losophus
546 2426 739 2481 Novas·
756 2428 958 2500 puellas·
997 2425 1356 2499 Faustinianas·
1390 2424 1611 2494 instituti*
1637 2427 1691 2478 in
1732 2423 1964 2478 honorem

278 2503 456 2554 uxoris
479 2513 698 2557 mortuae.
771 2504 908 2569 Quin
933 2507 985 2556 δε
1005 2502 1070 2556 de
1093 2499 1455 2555 Mammaeanis
1485 2502 1659 2570 pueris
1685 2497 1962 2579 puell-isqitc’

273 2573 335 2629 ab
356 2574 643 2654 issexandro
674 2576 859 2656 §eyero
883 2575 1110 2658 institutis
1138 2573 1429 2653 adhucdum
1466 2574 1652 2632 viventi
1686 2587 1854 2700 matri,
1891 2585 1959 2625 ita

1049 2674 1051 2676 ·
1849 2662 1952 2700 am-
