2139 3100
625 165 847 219 SACRI
889 161 1396 221 TAUROBOLII.
1749 194 1845 245 115

155 259 209 313 id
247 258 399 312 fieret.
474 255 555 310 Sic
599 255 806 309 statuam
842 254 1053 326 pofitam
1092 258 1317 312 videmus
1354 260 1404 312 in
1436 278 1679 318 marmore
1716 283 1846 319 nunc

156 332 404 408 sequenti,

211 496 519 542 INCLYTAE
576 527 585 536 .
640 494 1099 552 VENERANDAEQ
1137 527 1147 538 .
1203 498 1527 546 MEMORIAE
1567 537 1577 548 .
1644 506 1788 551 VIRO

208 572 427 615 FLAVIO
455 604 465 613 .
495 568 843 614 THEODOSIO
874 603 882 613 .
911 570 1202 615 GENITORI
1235 609 1245 620 .
1276 573 1504 620 DOMINI
1531 609 1540 619 .
1568 577 1793 622 NOSTRI

206 660 589 706 INVICTISSIMI
622 693 630 702 .
682 659 1052 716 PERENNISQ.
1108 661 1418 712 PRINCIPIS.
1474 647 1793 716 THEODOSI

201 739 484 783 PERPETVI
510 771 522 784 .
552 740 815 784 AVGVSTI
848 775 855 783 .
885 739 1079 783 CVIVS.
1111 739 1411 783 VIRTVTE.
1441 742 1793 790 FELICITATE

202 809 461 856 IVSTITIA
488 848 496 856 .
554 814 950 859 PROPAGATVS
976 848 986 859 .
1042 810 1383 856 TERRARVM
1408 847 1415 855 .
1468 814 1657 864 ORBIS.
1685 820 1793 865 EST

201 881 294 924 ET.
306 883 590 930 RETENTV
598 887 636 929 S.
650 884 948 930 STATVAM
963 882 1340 935 ,EQVESTREM
1351 919 1363 930 .
1376 885 1789 936 SVBAVRATAM

198 958 374 1006 APVLI
404 993 413 1003 .
439 964 517 1008 ET
549 998 558 1007 .
587 962 843 1008 CALABRI
869 991 879 1000 .
906 960 1046 1006 PRO.
1078 958 1269 1002 VOTO.
1300 959 1405 1005 ET.
1431 962 1789 1015 DEVOTIONE

199 1031 630 1081 POSVERVNT
686 1074 697 1085 .
751 1033 1043 1080 CVRANTE
1100 1068 1113 1081 ⁴
1180 1032 1269 1077 AC
1325 1064 1334 1073 .
1397 1031 1787 1084 PERFICIENTE

202 1101 472 1152 FLAVIO
530 1139 541 1150 .
595 1107 891 1153 SEXINE.
949 1104 1164 1148 VIRO.
1218 1103 1788 1156 PERFECTISSIMO

202 1179 696 1226 CORRECTORE
753 1216 761 1224 .
819 1175 1126 1224 APVLIAE
1185 1207 1194 1216 .
1249 1173 1327 1217 ET
1379 1195 1396 1219 ·.
1449 1178 1784 1228 CALABRIAE

214 1327 298 1382 Sic
336 1334 388 1383 Sc
426 1330 596 1385 AEdis:

419 1454 1562 1508 APOLLINI.SANCTO

317 1540 944 1592 MEMMIVS·
1025 1538 1661 1601 VITRASIVS

536 1613 1434 1679 ORFITVS'.V.C

311 1715 552 1765 BIS.
762 1709 1183 1762 PRAEF.
1395 1719 1660 1777 VRBI

310 1796 682 1853 AEDEM
806 1833 819 1845 .
1091 1802 1658 1862 PROVIDIT

307 1883 868 1935 CVRANTEi
948 1886 1114 1936 FL.
1206 1889 1654 1945 CLAVDIO

305 1971 781 2023 EVANGELO
858 2007 871 2022 .
949 1973 999 2023 V
1063 2009 1073 2022 .
1140 1975 1187 2023 C
1233 2014 1243 2025 .
1310 1979 1651 2035 COMITE

614 2135 759 2191 Tum
785 2139 872 2201 δε,
907 2139 958 2191 in
984 2140 1083 2195 hoc
1108 2140 1307 2215 lapide:

532 2277 987 2327 MACEDO
1057 2320 1067 2331 .
1143 2282 1430 2336 HAVE

315 2337 568 2389 BENE.
637 2343 1006 2395 VALEAS.
1073 2345 1518 2418 QUISQUIS.
1565 2357 1650 2406 Es

317 2402 680 2458 FECERE.
749 2410 1284 2464 MODESTIUS.
1350 2419 1653 2471 MACEDO

598 2475 909 2527 PATRI.
974 2478 1347 2533 PusslMo
1706 2498 1709 2500 ·

323 2532 426 2581 ET
491 2570 501 2582 .
569 2539 1100 2592 FORTUNATA
1168 2580 1178 2590 .
1259 2547 1652 2601 CONIUX

318 2598 662 2655 CURANTE
727 2644 738 2656 .
801 2607 1128 2659 RUFlNO.
1196 2611 1653 2670 COLLIBERTO

976 2699 1017 2752 P
1057 2719 1083 2753 2
1734 2708 1835 2765 De³
