<?xml version="1.0" encoding="UTF-8"?>
<!DOCTYPE html PUBLIC "-//W3C//DTD XHTML 1.0 Transitional//EN"
    "http://www.w3.org/TR/xhtml1/DTD/xhtml1-transitional.dtd">
<html xmlns="http://www.w3.org/1999/xhtml" xml:lang="en" lang="en">
 <head>
  <title>
</title>
<meta http-equiv="Content-Type" content="text/html;charset=utf-8" />
  <meta name='ocr-system' content='tesseract 3.04.00' />
  <meta name='ocr-capabilities' content='ocr_page ocr_carea ocr_par ocr_line ocrx_word'/>
</head>
<body>
  <div class='ocr_page' id='page_1' title='image "./dissertationesix00dale_0111.png"; bbox 0 0 2139 3100; ppageno 0'>
   <div class='ocr_carea' id='block_1_1' title="bbox 539 129 1749 213">
    <p class='ocr_par' dir='ltr' id='par_1_1' title="bbox 539 129 1749 213">
     <span class='ocr_line' id='line_1_1' title="bbox 539 129 1749 213; baseline -0.002 -15"><span class='ocrx_word' id='word_1_1' title='bbox 539 129 761 199; x_wconf 53' lang='lat' dir='ltr'>Saena</span> <span class='ocrx_word' id='word_1_2' title='bbox 802 142 1297 198; x_wconf 60' lang='lat' dir='ltr'>TAunonotu.</span> <span class='ocrx_word' id='word_1_3' title='bbox 1682 142 1749 213; x_wconf 80' lang='lat'>63</span> 
     </span>
    </p>
   </div>
   <div class='ocr_carea' id='block_1_2' title="bbox 55 234 1767 2634">
    <p class='ocr_par' dir='ltr' id='par_1_2' title="bbox 55 234 1748 839">
     <span class='ocr_line' id='line_1_2' title="bbox 125 234 1748 319; baseline -0.008 -17"><span class='ocrx_word' id='word_1_4' title='bbox 125 248 261 319; x_wconf 81' lang='lat' dir='ltr'>Qae</span> <span class='ocrx_word' id='word_1_5' title='bbox 286 246 335 301; x_wconf 87' lang='lat' dir='ltr'>in</span> <span class='ocrx_word' id='word_1_6' title='bbox 365 243 457 300; x_wconf 86' lang='lat' dir='ltr'>hac</span> <span class='ocrx_word' id='word_1_7' title='bbox 479 243 792 315; x_wconf 85' lang='lat' dir='ltr'><strong>inscriptione</strong></span> <span class='ocrx_word' id='word_1_8' title='bbox 839 239 1055 293; x_wconf 84' lang='lat' dir='ltr'>notanda</span> <span class='ocrx_word' id='word_1_9' title='bbox 1089 240 1319 302; x_wconf 83' lang='lat' dir='ltr'>veniunt,</span> <span class='ocrx_word' id='word_1_10' title='bbox 1354 235 1461 290; x_wconf 88' lang='lat' dir='ltr'>sunt</span> <span class='ocrx_word' id='word_1_11' title='bbox 1503 251 1547 287; x_wconf 86' lang='lat'>1.</span> <span class='ocrx_word' id='word_1_12' title='bbox 1580 234 1748 289; x_wconf 80' lang='lat' dir='ltr'>Verba</span> 
     </span>
     <span class='ocr_line' id='line_1_3' title="bbox 55 310 1743 389; baseline -0.008 -10"><span class='ocrx_word' id='word_1_13' title='bbox 55 322 177 388; x_wconf 86' lang='lat' dir='ltr'>ista,</span> <span class='ocrx_word' id='word_1_14' title='bbox 225 319 540 376; x_wconf 82' lang='lat' dir='ltr'>TAURI.</span> <span class='ocrx_word' id='word_1_15' title='bbox 579 317 793 381; x_wconf 84' lang='lat' dir='ltr'><strong>QUO.</strong></span> <span class='ocrx_word' id='word_1_16' title='bbox 835 314 1072 369; x_wconf 74' lang='lat' dir='ltr'><strong>PROP</strong></span> <span class='ocrx_word' id='word_1_17' title='bbox 1133 315 1244 389; x_wconf 80' lang='lat' dir='ltr'>(seu</span> <span class='ocrx_word' id='word_1_18' title='bbox 1288 310 1522 387; x_wconf 72' lang='lat' dir='ltr'>proprie)</span> <span class='ocrx_word' id='word_1_19' title='bbox 1573 310 1743 365; x_wconf 80' lang='lat' dir='ltr'>PER</span> 
     </span>
     <span class='ocr_line' id='line_1_4' title="bbox 56 387 1748 455; baseline -0.009 -3"><span class='ocrx_word' id='word_1_20' title='bbox 56 394 587 452; x_wconf 83' lang='lat' dir='ltr'><strong>TAUROPOL.</strong></span> <span class='ocrx_word' id='word_1_21' title='bbox 628 391 818 447; x_wconf 88' lang='lat' dir='ltr'><strong>PUB.</strong></span> <span class='ocrx_word' id='word_1_22' title='bbox 855 389 1048 445; x_wconf 87' lang='lat' dir='ltr'>FAC.</span> <span class='ocrx_word' id='word_1_23' title='bbox 1095 387 1535 446; x_wconf 81' lang='lat' dir='ltr'>FECERAT.</span> <span class='ocrx_word' id='word_1_24' title='bbox 1615 387 1748 455; x_wconf 83' lang='lat' dir='ltr'>Qui..</span> 
     </span>
     <span class='ocr_line' id='line_1_5' title="bbox 57 463 1742 540; baseline -0.009 -13"><span class='ocrx_word' id='word_1_25' title='bbox 57 474 148 527; x_wconf 87' lang='lat' dir='ltr'>bus</span> <span class='ocrx_word' id='word_1_26' title='bbox 173 472 414 526; x_wconf 81' lang='lat' dir='ltr'>indicatur</span> <span class='ocrx_word' id='word_1_27' title='bbox 438 481 619 523; x_wconf 72' lang='lat' dir='ltr'>taurus</span> <span class='ocrx_word' id='word_1_28' title='bbox 645 484 736 539; x_wconf 88' lang='lat' dir='ltr'>per</span> <span class='ocrx_word' id='word_1_29' title='bbox 758 483 910 540; x_wconf 84' lang='lat' dir='ltr'>quem</span> <span class='ocrx_word' id='word_1_30' title='bbox 930 467 1155 539; x_wconf 73' lang='lat' dir='ltr'>proprie,</span> <span class='ocrx_word' id='word_1_31' title='bbox 1203 463 1281 518; x_wconf 90' lang='lat' dir='ltr'>seu</span> <span class='ocrx_word' id='word_1_32' title='bbox 1322 482 1410 536; x_wconf 88' lang='lat' dir='ltr'>per</span> <span class='ocrx_word' id='word_1_33' title='bbox 1445 479 1597 535; x_wconf 84' lang='lat' dir='ltr'>quem</span> <span class='ocrx_word' id='word_1_34' title='bbox 1624 480 1742 533; x_wconf 87' lang='lat' dir='ltr'>pro-</span> 
     </span>
     <span class='ocr_line' id='line_1_6' title="bbox 56 537 1745 619; baseline -0.007 -17"><span class='ocrx_word' id='word_1_35' title='bbox 56 549 168 619; x_wconf 78' lang='lat' dir='ltr'>prie</span> <span class='ocrx_word' id='word_1_36' title='bbox 197 547 262 600; x_wconf 88' lang='lat' dir='ltr'>ad</span> <span class='ocrx_word' id='word_1_37' title='bbox 300 545 352 599; x_wconf 89' lang='lat' dir='ltr'>id</span> <span class='ocrx_word' id='word_1_38' title='bbox 386 543 682 598; x_wconf 84' lang='lat' dir='ltr'>destinatum</span> <span class='ocrx_word' id='word_1_39' title='bbox 720 560 780 596; x_wconf 88' lang='lat' dir='ltr'>ac</span> <span class='ocrx_word' id='word_1_40' title='bbox 810 541 1110 605; x_wconf 53' lang='lat' dir='ltr'>maffatum,</span> <span class='ocrx_word' id='word_1_41' title='bbox 1148 539 1494 612; x_wconf 77' lang='lat' dir='ltr'>Tauropoliam</span> <span class='ocrx_word' id='word_1_42' title='bbox 1539 537 1745 609; x_wconf 88' lang='lat' dir='ltr'>publico</span> 
     </span>
     <span class='ocr_line' id='line_1_7' title="bbox 56 613 1744 693; baseline -0.004 -19"><span class='ocrx_word' id='word_1_43' title='bbox 56 623 282 693; x_wconf 87' lang='lat' dir='ltr'>sumptu,</span> <span class='ocrx_word' id='word_1_44' title='bbox 318 620 398 675; x_wconf 85' lang='lat' dir='ltr'>vel</span> <span class='ocrx_word' id='word_1_45' title='bbox 431 637 496 673; x_wconf 79' lang='lat' dir='ltr'>ex</span> <span class='ocrx_word' id='word_1_46' title='bbox 532 616 733 691; x_wconf 88' lang='lat' dir='ltr'>publica</span> <span class='ocrx_word' id='word_1_47' title='bbox 768 615 1084 681; x_wconf 62' lang='lat' dir='ltr'>auetoritate,</span> <span class='ocrx_word' id='word_1_48' title='bbox 1121 630 1275 688; x_wconf 86' lang='lat' dir='ltr'>atque</span> <span class='ocrx_word' id='word_1_49' title='bbox 1307 613 1435 666; x_wconf 69' lang='lat' dir='ltr'>a&#39;deo</span> <span class='ocrx_word' id='word_1_50' title='bbox 1471 613 1521 665; x_wconf 88' lang='lat' dir='ltr'>in</span> <span class='ocrx_word' id='word_1_51' title='bbox 1553 613 1744 667; x_wconf 89' lang='lat' dir='ltr'>bonum</span> 
     </span>
     <span class='ocr_line' id='line_1_8' title="bbox 57 686 1746 769; baseline -0.004 -19"><span class='ocrx_word' id='word_1_52' title='bbox 57 697 344 769; x_wconf 79' lang='lat' dir='ltr'>publicum,</span> <span class='ocrx_word' id='word_1_53' title='bbox 381 693 569 748; x_wconf 68' lang='lat' dir='ltr'>fastum</span> <span class='ocrx_word' id='word_1_54' title='bbox 593 688 771 747; x_wconf 82' lang='lat' dir='ltr'>fuerat:</span> <span class='ocrx_word' id='word_1_55' title='bbox 812 690 1043 765; x_wconf 81' lang='lat' dir='ltr'>cujusque</span> <span class='ocrx_word' id='word_1_56' title='bbox 1073 695 1212 746; x_wconf 83' lang='lat' dir='ltr'>tauri</span> <span class='ocrx_word' id='word_1_57' title='bbox 1236 693 1380 744; x_wconf 84' lang='lat' dir='ltr'>vires</span> <span class='ocrx_word' id='word_1_58' title='bbox 1414 686 1497 740; x_wconf 82' lang='lat' dir='ltr'>hie</span> <span class='ocrx_word' id='word_1_59' title='bbox 1521 687 1746 762; x_wconf 56' lang='lat' dir='ltr'>Severus</span> 
     </span>
     <span class='ocr_line' id='line_1_9' title="bbox 58 771 451 839; baseline -0.005 -14"><span class='ocrx_word' id='word_1_60' title='bbox 58 771 451 839; x_wconf 70' lang='lat' dir='ltr'>confhcraverat.</span> 
     </span>
    </p>

    <p class='ocr_par' dir='ltr' id='par_1_3' title="bbox 57 838 1764 1362">
     <span class='ocr_line' id='line_1_10' title="bbox 128 838 1754 916; baseline -0.004 -17"><span class='ocrx_word' id='word_1_61' title='bbox 128 844 242 899; x_wconf 89' lang='lat' dir='ltr'>Ubi</span> <span class='ocrx_word' id='word_1_62' title='bbox 265 846 431 916; x_wconf 88' lang='lat' dir='ltr'>itaque</span> <span class='ocrx_word' id='word_1_63' title='bbox 454 842 583 899; x_wconf 88' lang='lat' dir='ltr'>istud</span> <span class='ocrx_word' id='word_1_64' title='bbox 609 842 807 914; x_wconf 78' lang='lat' dir='ltr'><em>fecerat</em></span> <span class='ocrx_word' id='word_1_65' title='bbox 841 840 983 896; x_wconf 79' lang='lat' dir='ltr'>simul</span> <span class='ocrx_word' id='word_1_66' title='bbox 1013 857 1107 913; x_wconf 87' lang='lat' dir='ltr'>pro</span> <span class='ocrx_word' id='word_1_67' title='bbox 1127 839 1306 912; x_wconf 83' lang='lat' dir='ltr'>facere</span> <span class='ocrx_word' id='word_1_68' title='bbox 1342 856 1404 892; x_wconf 88' lang='lat' dir='ltr'>eo</span> <span class='ocrx_word' id='word_1_69' title='bbox 1440 838 1607 903; x_wconf 86' lang='lat' dir='ltr'>sensu,</span> <span class='ocrx_word' id='word_1_70' title='bbox 1645 856 1754 912; x_wconf 87' lang='lat' dir='ltr'>quo</span> 
     </span>
     <span class='ocr_line' id='line_1_11' title="bbox 57 912 1754 986; baseline -0.003 -14"><span class='ocrx_word' id='word_1_71' title='bbox 57 919 113 973; x_wconf 90' lang='lat' dir='ltr'>id</span> <span class='ocrx_word' id='word_1_72' title='bbox 136 921 199 974; x_wconf 85' lang='lat' dir='ltr'>de</span> <span class='ocrx_word' id='word_1_73' title='bbox 226 920 447 974; x_wconf 85' lang='lat' dir='ltr'>Civitate</span> <span class='ocrx_word' id='word_1_74' title='bbox 470 921 521 971; x_wconf 87' lang='lat'>&amp;</span> <span class='ocrx_word' id='word_1_75' title='bbox 545 918 742 971; x_wconf 79' lang='lat' dir='ltr'>Ordine</span> <span class='ocrx_word' id='word_1_76' title='bbox 776 916 1192 971; x_wconf 66' lang='lat' dir='ltr'>Lastoratenfium</span> <span class='ocrx_word' id='word_1_77' title='bbox 1230 912 1369 986; x_wconf 81' lang='lat' dir='ltr'>supra</span> <span class='ocrx_word' id='word_1_78' title='bbox 1401 915 1592 969; x_wconf 62' lang='lat' dir='ltr'>dietum</span> <span class='ocrx_word' id='word_1_79' title='bbox 1625 915 1754 969; x_wconf 86' lang='lat' dir='ltr'>vidi-</span> 
     </span>
     <span class='ocr_line' id='line_1_12' title="bbox 59 989 1752 1066; baseline -0.001 -19"><span class='ocrx_word' id='word_1_80' title='bbox 59 1012 199 1057; x_wconf 88' lang='lat' dir='ltr'>mus,</span> <span class='ocrx_word' id='word_1_81' title='bbox 237 995 349 1066; x_wconf 83' lang='lat' dir='ltr'>capi</span> <span class='ocrx_word' id='word_1_82' title='bbox 391 993 621 1053; x_wconf 84' lang='lat' dir='ltr'>videtur‚·</span> <span class='ocrx_word' id='word_1_83' title='bbox 671 1010 729 1045; x_wconf 82' lang='lat' dir='ltr'>ac</span> <span class='ocrx_word' id='word_1_84' title='bbox 765 990 907 1044; x_wconf 79' lang='lat' dir='ltr'>simul</span> <span class='ocrx_word' id='word_1_85' title='bbox 941 1010 1037 1063; x_wconf 87' lang='lat' dir='ltr'>pro</span> <span class='ocrx_word' id='word_1_86' title='bbox 1074 994 1332 1062; x_wconf 83' lang='lat' dir='ltr'>accipere:</span> <span class='ocrx_word' id='word_1_87' title='bbox 1380 989 1474 1043; x_wconf 86' lang='lat' dir='ltr'>isto</span> <span class='ocrx_word' id='word_1_88' title='bbox 1516 991 1752 1045; x_wconf 88' lang='lat' dir='ltr'>nimirum</span> 
     </span>
     <span class='ocr_line' id='line_1_13' title="bbox 58 1065 1764 1141; baseline -0.001 -21"><span class='ocrx_word' id='word_1_89' title='bbox 58 1067 222 1132; x_wconf 89' lang='lat' dir='ltr'>sensu,</span> <span class='ocrx_word' id='word_1_90' title='bbox 250 1086 366 1141; x_wconf 86' lang='lat' dir='ltr'>quo</span> <span class='ocrx_word' id='word_1_91' title='bbox 388 1067 512 1120; x_wconf 86' lang='lat' dir='ltr'>illud</span> <span class='ocrx_word' id='word_1_92' title='bbox 538 1084 632 1138; x_wconf 89' lang='lat' dir='ltr'>pro</span> <span class='ocrx_word' id='word_1_93' title='bbox 668 1069 870 1119; x_wconf 77' lang='lat' dir='ltr'>initiari</span> <span class='ocrx_word' id='word_1_94' title='bbox 908 1066 1248 1136; x_wconf 81' lang='lat' dir='ltr'>confi’crarive</span> <span class='ocrx_word' id='word_1_95' title='bbox 1280 1065 1593 1137; x_wconf 81' lang='lat' dir='ltr'>intelligitur:</span> <span class='ocrx_word' id='word_1_96' title='bbox 1639 1084 1764 1137; x_wconf 84' lang='lat' dir='ltr'>qua-</span> 
     </span>
     <span class='ocr_line' id='line_1_14' title="bbox 60 1140 1763 1216; baseline -0.001 -21"><span class='ocrx_word' id='word_1_97' title='bbox 60 1162 160 1216; x_wconf 85' lang='lat' dir='ltr'>que</span> <span class='ocrx_word' id='word_1_98' title='bbox 185 1145 233 1197; x_wconf 90' lang='lat' dir='ltr'>in</span> <span class='ocrx_word' id='word_1_99' title='bbox 259 1141 620 1196; x_wconf 84' lang='lat' dir='ltr'>consecratione</span> <span class='ocrx_word' id='word_1_100' title='bbox 640 1142 731 1213; x_wconf 80' lang='lat' dir='ltr'>qui</span> <span class='ocrx_word' id='word_1_101' title='bbox 755 1140 1115 1194; x_wconf 77' lang='lat' dir='ltr'>consecrandos</span> <span class='ocrx_word' id='word_1_102' title='bbox 1138 1140 1184 1194; x_wconf 87' lang='lat' dir='ltr'>se</span> <span class='ocrx_word' id='word_1_103' title='bbox 1209 1140 1507 1194; x_wconf 83' lang='lat' dir='ltr'>tradiderant</span> <span class='ocrx_word' id='word_1_104' title='bbox 1535 1141 1628 1208; x_wconf 80' lang='lat' dir='ltr'>sub</span> <span class='ocrx_word' id='word_1_105' title='bbox 1659 1156 1763 1196; x_wconf 83' lang='lat' dir='ltr'>ter-</span> 
     </span>
     <span class='ocr_line' id='line_1_15' title="bbox 62 1213 1762 1288; baseline -0.001 -18"><span class='ocrx_word' id='word_1_106' title='bbox 62 1237 172 1271; x_wconf 81' lang='lat' dir='ltr'>ram</span> <span class='ocrx_word' id='word_1_107' title='bbox 208 1218 304 1287; x_wconf 83' lang='lat' dir='ltr'>(ita</span> <span class='ocrx_word' id='word_1_108' title='bbox 336 1232 389 1270; x_wconf 88' lang='lat' dir='ltr'>ut</span> <span class='ocrx_word' id='word_1_109' title='bbox 430 1217 723 1270; x_wconf 78' lang='lat' dir='ltr'>Prudentius</span> <span class='ocrx_word' id='word_1_110' title='bbox 748 1215 801 1269; x_wconf 74' lang='lat' dir='ltr'>id</span> <span class='ocrx_word' id='word_1_111' title='bbox 825 1213 1079 1287; x_wconf 80' lang='lat' dir='ltr'>describit)</span> <span class='ocrx_word' id='word_1_112' title='bbox 1120 1216 1256 1285; x_wconf 81' lang='lat' dir='ltr'>miffl</span> <span class='ocrx_word' id='word_1_113' title='bbox 1282 1216 1583 1288; x_wconf 72' lang='lat' dir='ltr'>sanguinem</span> <span class='ocrx_word' id='word_1_114' title='bbox 1621 1218 1762 1271; x_wconf 80' lang='lat' dir='ltr'>tauri</span> 
     </span>
     <span class='ocr_line' id='line_1_16' title="bbox 60 1289 1286 1362; baseline 0 -20"><span class='ocrx_word' id='word_1_115' title='bbox 60 1309 171 1350; x_wconf 83' lang='lat' dir='ltr'>ore,</span> <span class='ocrx_word' id='word_1_116' title='bbox 213 1291 420 1344; x_wconf 77' lang='lat' dir='ltr'>naribus</span> <span class='ocrx_word' id='word_1_117' title='bbox 447 1295 542 1342; x_wconf 68' lang='lat' dir='ltr'>&amp;e</span> <span class='ocrx_word' id='word_1_118' title='bbox 579 1293 862 1361; x_wconf 83' lang='lat' dir='ltr'>exciperent</span> <span class='ocrx_word' id='word_1_119' title='bbox 889 1289 970 1345; x_wconf 88' lang='lat' dir='ltr'>vel</span> <span class='ocrx_word' id='word_1_120' title='bbox 991 1303 1286 1362; x_wconf 81' lang='lat' dir='ltr'>acctperent.</span> 
     </span>
    </p>

    <p class='ocr_par' dir='ltr' id='par_1_4' title="bbox 57 1361 1762 2176">
     <span class='ocr_line' id='line_1_17' title="bbox 136 1361 1756 1436; baseline 0.003 -22"><span class='ocrx_word' id='word_1_121' title='bbox 136 1361 293 1415; x_wconf 75' lang='grc' dir='ltr'>Ροιτὸ</span> <span class='ocrx_word' id='word_1_122' title='bbox 323 1363 625 1427; x_wconf 87' lang='lat' dir='ltr'>notandum,</span> <span class='ocrx_word' id='word_1_123' title='bbox 663 1364 750 1417; x_wconf 75' lang='lat' dir='ltr'>hic</span> <span class='ocrx_word' id='word_1_124' title='bbox 774 1383 875 1418; x_wconf 89' lang='lat' dir='ltr'>non</span> <span class='ocrx_word' id='word_1_125' title='bbox 889 1364 1006 1419; x_wconf 86' lang='lat' dir='ltr'>addi</span> <span class='ocrx_word' id='word_1_126' title='bbox 1030 1364 1355 1432; x_wconf 75' lang='lat' dir='ltr'>hostiisfitt&#39;s,</span> <span class='ocrx_word' id='word_1_127' title='bbox 1396 1363 1499 1419; x_wconf 85' lang='lat' dir='ltr'>five</span> <span class='ocrx_word' id='word_1_128' title='bbox 1521 1368 1756 1436; x_wconf 75' lang='lat' dir='ltr'>propriis.</span> 
     </span>
     <span class='ocr_line' id='line_1_18' title="bbox 63 1436 1755 1508; baseline 0.001 -19"><span class='ocrx_word' id='word_1_129' title='bbox 63 1436 224 1506; x_wconf 82' lang='lat' dir='ltr'>Qod</span> <span class='ocrx_word' id='word_1_130' title='bbox 263 1452 426 1489; x_wconf 86' lang='lat' dir='ltr'>tamen</span> <span class='ocrx_word' id='word_1_131' title='bbox 461 1439 526 1489; x_wconf 88' lang='lat' dir='ltr'>de</span> <span class='ocrx_word' id='word_1_132' title='bbox 556 1438 708 1508; x_wconf 81' lang='lat' dir='ltr'>Julia</span> <span class='ocrx_word' id='word_1_133' title='bbox 742 1439 913 1500; x_wconf 61' lang='lat' dir='ltr'>mee,</span> <span class='ocrx_word' id='word_1_134' title='bbox 966 1438 1030 1491; x_wconf 89' lang='lat' dir='ltr'>de</span> <span class='ocrx_word' id='word_1_135' title='bbox 1061 1438 1341 1491; x_wconf 76' lang='lat' dir='ltr'>Marciana</span> <span class='ocrx_word' id='word_1_136' title='bbox 1375 1443 1429 1490; x_wconf 71' lang='grc' dir='ltr'>δε</span> <span class='ocrx_word' id='word_1_137' title='bbox 1467 1441 1651 1493; x_wconf 71' lang='lat' dir='ltr'>caeteris</span> <span class='ocrx_word' id='word_1_138' title='bbox 1687 1437 1755 1490; x_wconf 85' lang='lat' dir='ltr'>se-</span> 
     </span>
     <span class='ocr_line' id='line_1_19' title="bbox 62 1508 1759 1582; baseline 0.002 -20"><span class='ocrx_word' id='word_1_139' title='bbox 62 1511 325 1582; x_wconf 85' lang='lat' dir='ltr'>quentibus</span> <span class='ocrx_word' id='word_1_140' title='bbox 367 1511 575 1562; x_wconf 84' lang='lat' dir='ltr'>additur.</span> <span class='ocrx_word' id='word_1_141' title='bbox 657 1512 810 1563; x_wconf 84' lang='lat' dir='ltr'>Unde</span> <span class='ocrx_word' id='word_1_142' title='bbox 833 1516 886 1562; x_wconf 84' lang='lat'>&amp;</span> <span class='ocrx_word' id='word_1_143' title='bbox 914 1512 1208 1564; x_wconf 77' lang='lat' dir='ltr'>considerari</span> <span class='ocrx_word' id='word_1_144' title='bbox 1245 1508 1441 1579; x_wconf 87' lang='lat' dir='ltr'>potest,</span> <span class='ocrx_word' id='word_1_145' title='bbox 1484 1531 1545 1564; x_wconf 88' lang='lat' dir='ltr'>an</span> <span class='ocrx_word' id='word_1_146' title='bbox 1579 1532 1683 1565; x_wconf 79' lang='lat' dir='ltr'>non</span> <span class='ocrx_word' id='word_1_147' title='bbox 1707 1513 1759 1566; x_wconf 78' lang='lat' dir='ltr'>hi</span> 
     </span>
     <span class='ocr_line' id='line_1_20' title="bbox 64 1581 1760 1656; baseline 0.003 -20"><span class='ocrx_word' id='word_1_148' title='bbox 64 1581 237 1654; x_wconf 79' lang='lat' dir='ltr'>{iuguli</span> <span class='ocrx_word' id='word_1_149' title='bbox 261 1583 549 1656; x_wconf 83' lang='lat' dir='ltr'>fingulaeve,</span> <span class='ocrx_word' id='word_1_150' title='bbox 589 1599 645 1636; x_wconf 88' lang='lat' dir='ltr'>ac</span> <span class='ocrx_word' id='word_1_151' title='bbox 679 1581 781 1636; x_wconf 88' lang='lat' dir='ltr'>bini</span> <span class='ocrx_word' id='word_1_152' title='bbox 804 1582 993 1637; x_wconf 82' lang='lat' dir='ltr'>binaeve</span> <span class='ocrx_word' id='word_1_153' title='bbox 1049 1583 1193 1637; x_wconf 85' lang='lat' dir='ltr'>fimul</span> <span class='ocrx_word' id='word_1_154' title='bbox 1220 1584 1507 1653; x_wconf 59' lang='lat' dir='ltr'>conjunffiti,</span> <span class='ocrx_word' id='word_1_155' title='bbox 1552 1584 1638 1637; x_wconf 81' lang='lat' dir='ltr'>ista</span> <span class='ocrx_word' id='word_1_156' title='bbox 1673 1589 1760 1641; x_wconf 89' lang='lat' dir='ltr'>da-</span> 
     </span>
     <span class='ocr_line' id='line_1_21' title="bbox 57 1655 1762 1733; baseline 0.003 -23"><span class='ocrx_word' id='word_1_157' title='bbox 57 1665 106 1710; x_wconf 84' lang='lat' dir='ltr'>ta</span> <span class='ocrx_word' id='word_1_158' title='bbox 132 1658 250 1729; x_wconf 82' lang='lat' dir='ltr'>(per</span> <span class='ocrx_word' id='word_1_159' title='bbox 286 1655 561 1726; x_wconf 77' lang='lat' dir='ltr'>Severum)</span> <span class='ocrx_word' id='word_1_160' title='bbox 599 1656 858 1710; x_wconf 75' lang='lat' dir='ltr'>occasione</span> <span class='ocrx_word' id='word_1_161' title='bbox 870 1694 887 1721; x_wconf 87' lang='lat'>,</span> <span class='ocrx_word' id='word_1_162' title='bbox 934 1655 1000 1710; x_wconf 85' lang='lat' dir='ltr'>fic</span> <span class='ocrx_word' id='word_1_163' title='bbox 1053 1658 1230 1718; x_wconf 85' lang='lat' dir='ltr'>etiarn,</span> <span class='ocrx_word' id='word_1_164' title='bbox 1281 1660 1621 1733; x_wconf 81' lang='lat' dir='ltr'>unusquisque</span> <span class='ocrx_word' id='word_1_165' title='bbox 1668 1681 1762 1733; x_wconf 84' lang='lat' dir='ltr'>pro</span> 
     </span>
     <span class='ocr_line' id='line_1_22' title="bbox 57 1729 1762 1811; baseline 0.003 -27"><span class='ocrx_word' id='word_1_166' title='bbox 57 1730 175 1800; x_wconf 79' lang='lat' dir='ltr'>sese,</span> <span class='ocrx_word' id='word_1_167' title='bbox 208 1730 330 1784; x_wconf 89' lang='lat' dir='ltr'>illud</span> <span class='ocrx_word' id='word_1_168' title='bbox 352 1729 562 1797; x_wconf 71' lang='lat' dir='ltr'>Sacrum</span> <span class='ocrx_word' id='word_1_169' title='bbox 591 1736 901 1803; x_wconf 71' lang='lat' dir='ltr'>acceperint,</span> <span class='ocrx_word' id='word_1_170' title='bbox 944 1732 1022 1786; x_wconf 87' lang='lat' dir='ltr'>vel</span> <span class='ocrx_word' id='word_1_171' title='bbox 1050 1732 1099 1785; x_wconf 86' lang='lat' dir='ltr'>in</span> <span class='ocrx_word' id='word_1_172' title='bbox 1134 1736 1553 1805; x_wconf 81' lang='lat' dir='ltr'>regenerationem</span> <span class='ocrx_word' id='word_1_173' title='bbox 1592 1736 1762 1811; x_wconf 84' lang='lat' dir='ltr'>mysti-</span> 
     </span>
     <span class='ocr_line' id='line_1_23' title="bbox 60 1805 1762 1881; baseline 0.004 -22"><span class='ocrx_word' id='word_1_174' title='bbox 60 1823 197 1873; x_wconf 86' lang='lat' dir='ltr'>cam,</span> <span class='ocrx_word' id='word_1_175' title='bbox 233 1819 286 1859; x_wconf 88' lang='lat' dir='ltr'>ut</span> <span class='ocrx_word' id='word_1_176' title='bbox 316 1805 382 1860; x_wconf 85' lang='lat' dir='ltr'>fic</span> <span class='ocrx_word' id='word_1_177' title='bbox 418 1805 596 1859; x_wconf 89' lang='lat' dir='ltr'>mundi</span> <span class='ocrx_word' id='word_1_178' title='bbox 636 1824 923 1878; x_wconf 85' lang='lat' dir='ltr'>permanere</span> <span class='ocrx_word' id='word_1_179' title='bbox 954 1808 1153 1881; x_wconf 74' lang='lat' dir='ltr'>possent</span> <span class='ocrx_word' id='word_1_180' title='bbox 1197 1810 1375 1881; x_wconf 80' lang='lat' dir='ltr'>viginti</span> <span class='ocrx_word' id='word_1_181' title='bbox 1414 1824 1549 1862; x_wconf 82' lang='lat' dir='ltr'>totos</span> <span class='ocrx_word' id='word_1_182' title='bbox 1588 1814 1637 1864; x_wconf 81' lang='lat' dir='ltr'>in</span> <span class='ocrx_word' id='word_1_183' title='bbox 1679 1831 1762 1865; x_wconf 83' lang='lat' dir='ltr'>an-</span> 
     </span>
     <span class='ocr_line' id='line_1_24' title="bbox 60 1880 1758 1956; baseline 0.003 -22"><span class='ocrx_word' id='word_1_184' title='bbox 60 1899 174 1944; x_wconf 78' lang='lat' dir='ltr'>nOS‚</span> <span class='ocrx_word' id='word_1_185' title='bbox 211 1881 289 1936; x_wconf 90' lang='lat' dir='ltr'>vel</span> <span class='ocrx_word' id='word_1_186' title='bbox 326 1881 546 1953; x_wconf 87' lang='lat' dir='ltr'>denique</span> <span class='ocrx_word' id='word_1_187' title='bbox 581 1881 632 1934; x_wconf 84' lang='lat' dir='ltr'>in</span> <span class='ocrx_word' id='word_1_188' title='bbox 672 1896 946 1935; x_wconf 83' lang='lat' dir='ltr'>aeternum:</span> <span class='ocrx_word' id='word_1_189' title='bbox 989 1896 1073 1935; x_wconf 82' lang='lat' dir='ltr'>aut</span> <span class='ocrx_word' id='word_1_190' title='bbox 1109 1884 1254 1956; x_wconf 83' lang='lat' dir='ltr'>quod</span> <span class='ocrx_word' id='word_1_191' title='bbox 1290 1880 1583 1956; x_wconf 76' lang='lat' dir='ltr'>susciperent</span> <span class='ocrx_word' id='word_1_192' title='bbox 1632 1885 1758 1939; x_wconf 78' lang='lat' dir='ltr'>hanc</span> 
     </span>
     <span class='ocr_line' id='line_1_25' title="bbox 60 1955 1759 2031; baseline 0.003 -23"><span class='ocrx_word' id='word_1_193' title='bbox 60 1956 470 2010; x_wconf 87' lang='lat' dir='ltr'>consecrationem</span> <span class='ocrx_word' id='word_1_194' title='bbox 493 1972 556 2010; x_wconf 84' lang='lat' dir='ltr'>ex</span> <span class='ocrx_word' id='word_1_195' title='bbox 581 1969 737 2022; x_wconf 90' lang='lat' dir='ltr'>voto,</span> <span class='ocrx_word' id='word_1_196' title='bbox 774 1975 830 2010; x_wconf 84' lang='lat' dir='ltr'>ac</span> <span class='ocrx_word' id='word_1_197' title='bbox 853 1955 989 2031; x_wconf 80' lang='lat' dir='ltr'>quasi</span> <span class='ocrx_word' id='word_1_198' title='bbox 1013 1957 1201 2011; x_wconf 86' lang='lat' dir='ltr'>vicario</span> <span class='ocrx_word' id='word_1_199' title='bbox 1217 1994 1233 2020; x_wconf 87' lang='lat'><em>,</em></span> <span class='ocrx_word' id='word_1_200' title='bbox 1274 1977 1367 2029; x_wconf 87' lang='lat' dir='ltr'>pro</span> <span class='ocrx_word' id='word_1_201' title='bbox 1393 1959 1525 2021; x_wconf 69' lang='lat' dir='ltr'>aliis·⁷</span> <span class='ocrx_word' id='word_1_202' title='bbox 1567 1975 1650 2014; x_wconf 83' lang='lat' dir='ltr'>aut</span> <span class='ocrx_word' id='word_1_203' title='bbox 1670 1962 1759 2015; x_wconf 85' lang='lat' dir='ltr'>de·</span> 
     </span>
     <span class='ocr_line' id='line_1_26' title="bbox 64 2030 1760 2108; baseline 0.004 -25"><span class='ocrx_word' id='word_1_204' title='bbox 64 2031 211 2104; x_wconf 83' lang='lat' dir='ltr'>nique</span> <span class='ocrx_word' id='word_1_205' title='bbox 235 2051 296 2086; x_wconf 83' lang='lat' dir='ltr'>ex</span> <span class='ocrx_word' id='word_1_206' title='bbox 322 2031 474 2096; x_wconf 61' lang='lat' dir='ltr'>Vesta,</span> <span class='ocrx_word' id='word_1_207' title='bbox 532 2050 629 2105; x_wconf 89' lang='lat' dir='ltr'>pro</span> <span class='ocrx_word' id='word_1_208' title='bbox 653 2030 844 2108; x_wconf 75' lang='lat' dir='ltr'>seipsis,</span> <span class='ocrx_word' id='word_1_209' title='bbox 921 2035 1002 2087; x_wconf 89' lang='lat' dir='ltr'>De</span> <span class='ocrx_word' id='word_1_210' title='bbox 1037 2033 1215 2105; x_wconf 85' lang='lat' dir='ltr'>quibus</span> <span class='ocrx_word' id='word_1_211' title='bbox 1251 2033 1415 2087; x_wconf 81' lang='lat' dir='ltr'>adhue</span> <span class='ocrx_word' id='word_1_212' title='bbox 1441 2035 1639 2090; x_wconf 79' lang='lat' dir='ltr'>inferius</span> <span class='ocrx_word' id='word_1_213' title='bbox 1673 2037 1760 2089; x_wconf 84' lang='lat' dir='ltr'>ali-</span> 
     </span>
     <span class='ocr_line' id='line_1_27' title="bbox 67 2105 743 2176; baseline 0.003 -19"><span class='ocrx_word' id='word_1_214' title='bbox 67 2105 190 2176; x_wconf 88' lang='lat' dir='ltr'>quid</span> <span class='ocrx_word' id='word_1_215' title='bbox 226 2107 401 2161; x_wconf 89' lang='lat' dir='ltr'>dicam.</span> <span class='ocrx_word' id='word_1_216' title='bbox 522 2156 525 2158; x_wconf 88' lang='lat'>.</span> <span class='ocrx_word' id='word_1_217' title='bbox 742 2164 743 2167; x_wconf 8' lang='grc' dir='ltr'><strong>Ἴ</strong></span> 
     </span>
    </p>

    <p class='ocr_par' dir='ltr' id='par_1_5' title="bbox 69 2179 1767 2634">
     <span class='ocr_line' id='line_1_28' title="bbox 148 2179 1764 2260; baseline 0.004 -26"><span class='ocrx_word' id='word_1_218' title='bbox 148 2179 420 2235; x_wconf 77' lang='lat' dir='ltr'>Verisimile</span> <span class='ocrx_word' id='word_1_219' title='bbox 467 2182 851 2249; x_wconf 84' lang='lat' dir='ltr'>mihi&#39;videtur‚</span> <span class='ocrx_word' id='word_1_220' title='bbox 899 2183 1011 2237; x_wconf 85' lang='lat' dir='ltr'>illos</span> <span class='ocrx_word' id='word_1_221' title='bbox 1051 2183 1141 2257; x_wconf 84' lang='lat' dir='ltr'>qui</span> <span class='ocrx_word' id='word_1_222' title='bbox 1178 2184 1404 2256; x_wconf 69' lang='lat' dir='ltr'>publice,</span> <span class='ocrx_word' id='word_1_223' title='bbox 1442 2185 1672 2260; x_wconf 69' lang='lat' dir='ltr'>adeoque</span> <span class='ocrx_word' id='word_1_224' title='bbox 1711 2192 1764 2241; x_wconf 68' lang='grc' dir='ltr'>ὅτ</span> 
     </span>
     <span class='ocr_line' id='line_1_29' title="bbox 72 2255 1760 2332; baseline 0.008 -29"><span class='ocrx_word' id='word_1_225' title='bbox 72 2269 164 2332; x_wconf 84' lang='lat' dir='ltr'>pro</span> <span class='ocrx_word' id='word_1_226' title='bbox 186 2255 429 2324; x_wconf 85' lang='lat' dir='ltr'>republica</span> <span class='ocrx_word' id='word_1_227' title='bbox 449 2257 502 2312; x_wconf 89' lang='lat' dir='ltr'>id</span> <span class='ocrx_word' id='word_1_228' title='bbox 526 2257 801 2324; x_wconf 82' lang='lat' dir='ltr'>faciebant,</span> <span class='ocrx_word' id='word_1_229' title='bbox 838 2260 1036 2332; x_wconf 80' lang='lat' dir='ltr'>publica</span> <span class='ocrx_word' id='word_1_230' title='bbox 1071 2277 1278 2332; x_wconf 88' lang='lat' dir='ltr'>quoque</span> <span class='ocrx_word' id='word_1_231' title='bbox 1303 2260 1517 2332; x_wconf 75' lang='lat' dir='ltr'>impensa</span> <span class='ocrx_word' id='word_1_232' title='bbox 1560 2262 1724 2316; x_wconf 59' lang='lat' dir='ltr'>seciil&#39;e</span> <span class='ocrx_word' id='word_1_233' title='bbox 1739 2282 1760 2322; x_wconf 90' lang='lat'><em>;</em></span> 
     </span>
     <span class='ocr_line' id='line_1_30' title="bbox 69 2325 1760 2407; baseline 0.007 -30"><span class='ocrx_word' id='word_1_234' title='bbox 69 2325 272 2406; x_wconf 79' lang='lat' dir='ltr'>illosque</span> <span class='ocrx_word' id='word_1_235' title='bbox 285 2331 382 2400; x_wconf 75' lang='lat' dir='ltr'>qui</span> <span class='ocrx_word' id='word_1_236' title='bbox 403 2350 577 2404; x_wconf 75' lang='lat' dir='ltr'>quaeve</span> <span class='ocrx_word' id='word_1_237' title='bbox 600 2333 689 2388; x_wconf 84' lang='lat' dir='ltr'>ista</span> <span class='ocrx_word' id='word_1_238' title='bbox 714 2334 1000 2398; x_wconf 80' lang='lat' dir='ltr'>occasione,</span> <span class='ocrx_word' id='word_1_239' title='bbox 1044 2333 1108 2388; x_wconf 83' lang='lat' dir='ltr'>fic</span> <span class='ocrx_word' id='word_1_240' title='bbox 1133 2332 1211 2388; x_wconf 87' lang='lat' dir='ltr'>seu</span> <span class='ocrx_word' id='word_1_241' title='bbox 1238 2353 1329 2407; x_wconf 82' lang='lat' dir='ltr'>pro</span> <span class='ocrx_word' id='word_1_242' title='bbox 1359 2336 1639 2407; x_wconf 71' lang='lat' dir='ltr'>republica,</span> <span class='ocrx_word' id='word_1_243' title='bbox 1679 2339 1760 2389; x_wconf 71' lang='lat' dir='ltr'>stu</span> 
     </span>
     <span class='ocr_line' id='line_1_31' title="bbox 70 2401 1767 2484; baseline 0.006 -31"><span class='ocrx_word' id='word_1_244' title='bbox 70 2418 165 2471; x_wconf 85' lang='lat' dir='ltr'>pto</span> <span class='ocrx_word' id='word_1_245' title='bbox 195 2401 351 2472; x_wconf 73' lang='lat' dir='ltr'>seipsis</span> <span class='ocrx_word' id='word_1_246' title='bbox 384 2405 449 2459; x_wconf 86' lang='lat' dir='ltr'>ita</span> <span class='ocrx_word' id='word_1_247' title='bbox 483 2408 882 2466; x_wconf 79' lang='lat' dir='ltr'>consecrabantur</span> <span class='ocrx_word' id='word_1_248' title='bbox 908 2449 926 2475; x_wconf 84' lang='lat'>‚</span> <span class='ocrx_word' id='word_1_249' title='bbox 965 2408 1173 2483; x_wconf 80' lang='lat' dir='ltr'>propriis</span> <span class='ocrx_word' id='word_1_250' title='bbox 1197 2408 1577 2483; x_wconf 74' lang='lat' dir='ltr'>suisimpenliS,</span> <span class='ocrx_word' id='word_1_251' title='bbox 1614 2428 1767 2484; x_wconf 73' lang='lat' dir='ltr'>atque</span> 
     </span>
     <span class='ocr_line' id='line_1_32' title="bbox 73 2474 1766 2559; baseline 0.008 -33"><span class='ocrx_word' id='word_1_252' title='bbox 73 2474 200 2527; x_wconf 84' lang='lat' dir='ltr'>adeo</span> <span class='ocrx_word' id='word_1_253' title='bbox 218 2475 386 2556; x_wconf 64' lang='lat' dir='ltr'>(oqstiis</span> <span class='ocrx_word' id='word_1_254' title='bbox 389 2485 602 2555; x_wconf 83' lang='lat' dir='ltr'>propriis</span> <span class='ocrx_word' id='word_1_255' title='bbox 619 2485 812 2555; x_wconf 69' lang='lat' dir='ltr'>seufitts</span> <span class='ocrx_word' id='word_1_256' title='bbox 830 2524 846 2549; x_wconf 86' lang='lat'>,</span> <span class='ocrx_word' id='word_1_257' title='bbox 862 2486 1098 2559; x_wconf 75' lang='lat' dir='ltr'>accepisse</span> <span class='ocrx_word' id='word_1_258' title='bbox 1113 2483 1241 2540; x_wconf 83' lang='lat' dir='ltr'>istud</span> <span class='ocrx_word' id='word_1_259' title='bbox 1262 2486 1447 2539; x_wconf 79' lang='lat' dir='ltr'>sacrum</span> <span class='ocrx_word' id='word_1_260' title='bbox 1464 2501 1632 2557; x_wconf 79' lang='lat' dir='ltr'>:atque</span> <span class='ocrx_word' id='word_1_261' title='bbox 1650 2488 1766 2540; x_wconf 73' lang='lat' dir='ltr'>hinc</span> 
     </span>
     <span class='ocr_line' id='line_1_33' title="bbox 73 2550 1763 2634; baseline 0 -21"><span class='ocrx_word' id='word_1_262' title='bbox 73 2566 163 2600; x_wconf 72' lang='lat'>¹108</span> <span class='ocrx_word' id='word_1_263' title='bbox 185 2550 378 2613; x_wconf 78' lang='lat' dir='ltr'>videre,</span> <span class='ocrx_word' id='word_1_264' title='bbox 410 2553 463 2606; x_wconf 82' lang='lat' dir='ltr'>id</span> <span class='ocrx_word' id='word_1_265' title='bbox 492 2555 601 2628; x_wconf 87' lang='lat' dir='ltr'>ipfis</span> <span class='ocrx_word' id='word_1_266' title='bbox 624 2578 726 2613; x_wconf 88' lang='lat' dir='ltr'>non</span> <span class='ocrx_word' id='word_1_267' title='bbox 746 2559 937 2634; x_wconf 85' lang='lat' dir='ltr'>semper</span> <span class='ocrx_word' id='word_1_268' title='bbox 950 2562 1010 2614; x_wconf 86' lang='lat' dir='ltr'>ab</span> <span class='ocrx_word' id='word_1_269' title='bbox 1035 2578 1136 2613; x_wconf 77' lang='lat' dir='ltr'>uno</span> <span class='ocrx_word' id='word_1_270' title='bbox 1161 2561 1474 2633; x_wconf 69' lang='lat' dir='ltr'>eodemque,</span> <span class='ocrx_word' id='word_1_271' title='bbox 1513 2560 1591 2613; x_wconf 71' lang='lat' dir='ltr'>sec}</span> <span class='ocrx_word' id='word_1_272' title='bbox 1610 2580 1763 2633; x_wconf 57' lang='lat' dir='ltr'>&lt;pian-</span> 
     </span>
    </p>
   </div>
   <div class='ocr_carea' id='block_1_3' title="bbox 62 2622 1768 2766">
    <p class='ocr_par' dir='ltr' id='par_1_6' title="bbox 62 2622 1768 2766">
     <span class='ocr_line' id='line_1_34' title="bbox 62 2622 1768 2709; baseline 0.009 -34"><span class='ocrx_word' id='word_1_273' title='bbox 62 2622 422 2705; x_wconf 30' lang='lat' dir='ltr'>&#39;doqueOicet</span> <span class='ocrx_word' id='word_1_274' title='bbox 447 2630 627 2685; x_wconf 85' lang='lat' dir='ltr'>eodem</span> <span class='ocrx_word' id='word_1_275' title='bbox 665 2641 919 2709; x_wconf 82' lang='lat' dir='ltr'>ternpore)</span> <span class='ocrx_word' id='word_1_276' title='bbox 953 2655 981 2689; x_wconf 87' lang='lat' dir='ltr'>a</span> <span class='ocrx_word' id='word_1_277' title='bbox 1006 2633 1204 2691; x_wconf 77' lang='lat' dir='ltr'>diversis</span> <span class='ocrx_word' id='word_1_278' title='bbox 1246 2635 1592 2693; x_wconf 53' lang='lat' dir='ltr'>Sacerdotibus</span> <span class='ocrx_word' id='word_1_279' title='bbox 1628 2635 1768 2690; x_wconf 67' lang='lat' dir='ltr'>fuiffe</span> 
     </span>
     <span class='ocr_line' id='line_1_35' title="bbox 82 2696 1762 2766; baseline 0.01 -17"><span class='ocrx_word' id='word_1_280' title='bbox 82 2696 486 2756; x_wconf 79' lang='lat' dir='ltr'>administratum.</span> <span class='ocrx_word' id='word_1_281' title='bbox 1400 2751 1402 2755; x_wconf 80' lang='lat'><em>.</em></span> <span class='ocrx_word' id='word_1_282' title='bbox 1685 2718 1762 2766; x_wconf 76' lang='lat' dir='ltr'>An</span> 
     </span>
    </p>
   </div>
  </div>
 </body>
</html>
