2139 3100
234 166 330 221 342
616 148 1124 200 D1ssiza‘rAT1o
1163 139 1491 210 QUARTA

231 244 289 294 ris
351 239 454 313 (ut
497 240 544 291 in
589 233 956 290 Oxonienfibus
1033 246 1548 286 rPAMMATETE
1627 252 1911 295 ΒΟΥΛΗΣ

232 336 265 370 Δ
286 336 324 369 H
348 336 390 368 M
409 335 443 369 o
460 333 491 368 Υ
509 332 597 384 pro
611 312 757 378 &emir
778 308 812 378 3}
835 303 982 375 ἓνῖμε)
996 319 1178 357 extent.
1201 307 1457 359 Etenimin
1472 306 1557 358 ista
1571 305 1880 378 inscriptione
1894 349 1910 374 ,

230 406 313 442 aut
352 390 559 444 incuria,
611 399 689 434 aut
727 380 1017 448 compendii
1053 380 1208 450 gratia
1259 380 1346 454 (ut
1382 378 1525 452 dixi)
1577 381 1645 434 ob
1681 381 1822 453 spatii
1863 387 1911 437 in

229 482 416 515 nummi
453 457 668 528 margine
691 452 976 516 defessum,
1019 469 1103 507 aut
1132 455 1224 507 alia
1248 456 1481 527 quapiam
1520 473 1582 508 ex
1610 456 1746 510 causa
1772 458 1914 511 nobis

228 555 354 589 nunc
380 537 573 604 ignota,
613 528 664 579 id
708 527 934 580 accidisse
958 529 1138 600 quovis
1169 531 1378 602 pignore
1412 531 1658 584 decertare
1694 532 1795 585 fere
1831 551 1912 584 au-

226 612 324 664 sim.
402 610 476 659 Ac
511 602 667 656 forsan
690 603 789 655 istae
815 603 961 655 litcrae
990 621 1028 655 K
1055 610 1103 658 ὃς
1133 622 1170 657 0
1199 605 1280 656 hic
1304 624 1332 658 a
1355 606 1745 677 praecedentibus
1779 605 1913 679 sepa-

227 684 385 737 randae
412 678 622 741 fuerint5
669 695 725 730 ac
756 696 849 749 pro
879 695 914 729 o
933 714 947 739 ,
986 677 1158 749 (quod
1190 697 1318 732 nunc
1339 697 1542 752 apparet
1563 681 1642 735 vel
1679 699 1912 754 apparere

224 758 413 813 videtur
431 798 447 817 ‚
489 756 723 826 temporis
750 752 914 824 ruina)
953 769 988 804 A
1010 773 1028 806 1
1055 750 1455 810 substituendum.

298 832 629 884 Veruntamen
654 828 736 880 hic
760 828 860 899 ipse
885 844 1118 881 nummus
1142 828 1406 880 accuratius
1428 829 1752 900 inspiciendus
1781 829 1911 882 esset.

223 906 483 977 Qii.:quid
507 906 563 956 sit
579 943 596 969 ,
635 903 811 956 nullibi
826 902 1051 955 videmus
1076 901 1391 974 Smyrnenses
1413 903 1583 956 denuo
1609 903 1774 957 Romae
1803 923 1911 957 neo-

220 1001 352 1035 coros
391 978 582 1034 fastos:
632 996 688 1030 ac
723 979 884 1049 piures
923 994 1185 1031 occurrunt
1225 978 1452 1040 nummi,
1502 995 1679 1048 nempe
1715 979 1910 1032 diversis

219 1057 520 1127 temporibus
545 1052 640 1105 cufi
657 1090 671 1115 ,
710 1053 871 1124 quiab
894 1071 986 1105 una
1001 1068 1138 1125 parte
1163 1052 1342 1106 habent
1370 1054 1496 1106 hanc
1521 1051 1912 1123 inscriptionem,

229 1151 249 1185 1
276 1150 305 1183 E
326 1152 353 1184 P
370 1148 405 1182 A
450 1147 536 1184 CT
554 1149 590 1182 N
608 1147 645 1180 K
664 1148 697 1182 A
713 1147 753 1180 H
773 1145 810 1180 T
828 1146 863 1180 o
883 1146 918 1181 c
934 1166 949 1190 ,
988 1130 1050 1181 ab
1078 1128 1227 1182 altera
1251 1148 1370 1182 vero
1405 1143 1487 1181 aut
1540 1145 1910 1189 CMTPNAJnN

223 1228 259 1260 r.
306 1226 342 1259 N
364 1225 410 1258 E.
454 1223 558 1264 En.
596 1223 778 1258 ΠΩΛΛ
800 1222 820 1256 1
847 1220 881 1255 A
901 1223 938 1258 N
959 1222 1074 1267 OT,
1109 1219 1192 1256 aut
1217 1203 1501 1276 simpliciter
1540 1220 1910 1258 CMTPNAIQN

221 1302 260 1334 r.
314 1301 349 1334 N
370 1300 451 1334 ΕΩ
469 1299 506 1333 K
527 1299 562 1332 o
583 1299 717 1334 ΡΩΝ
737 1323 752 1340 ,
806 1279 946 1332 simul
983 1297 1099 1332 cum
1142 1277 1308 1352 effigie
1351 1279 1486 1333 Isidis
1525 1297 1581 1331 ac
1623 1274 1910 1333 Nemeseos⁸

216 1356 629 1409 Consideratione
677 1355 856 1427 dignus
906 1372 1112 1428 quoque
1140 1393 1157 1418 ‚
1206 1355 1257 1407 in
1298 1355 1390 1408 hae
1439 1353 1806 1426 disquisitione,
1857 1356 1911 1404 δε

215 1449 446 1483 nummus
475 1447 662 1503 quem,
698 1448 760 1482 ex
785 1430 950 1482 Goltii
983 1431 1174 1501 Magna
1198 1429 1426 1494 Graecia,
1472 1427 1660 1501 profert
1691 1427 1914 1482 Hardui-

215 1522 303 1557 nus
317 1534 332 1568 3
370 1509 561 1576 quique
585 1519 646 1555 ex
671 1519 765 1553 una
780 1516 916 1570 parte
937 1502 1082 1554 habet
1103 1504 1284 1554 Romae
1310 1504 1514 1555 sedentis
1539 1502 1794 1572 effigiem,
1829 1500 1911 1553 cui

215 1597 454 1633 coronam
479 1577 605 1629 stans
635 1576 806 1630 Virtus
831 1574 1068 1646 porrigit,
1105 1592 1220 1626 cum
1237 1574 1549 1646 inscriptione
1586 1593 1671 1628 Ao
1689 1591 1728 1624 K
1751 1595 1778 1626 P
1795 1593 1831 1625 Ω
1848 1592 1903 1625 N.

217 1674 320 1708 ΝΕ.
366 1669 580 1708 ΡΩΜΑ.
618 1668 682 1702 ex
719 1650 865 1701 altera
905 1663 1041 1720 parte
1078 1649 1223 1720 Jovis
1260 1663 1409 1719 caput
1446 1665 1561 1700 cum
1609 1647 1907 1718 epigraphe,

221 1749 257 1782 N
276 1747 428 1783 ΕΩΚ.
505 1726 702 1797 Qibus
725 1723 831 1777 sane
851 1723 902 1776 hi
931 1722 1082 1775 Locri
1121 1721 1280 1795 (quos
1307 1741 1399 1793 pro
1431 1720 1602 1774 Locris
1622 1763 1640 1782 ,
1680 1739 1780 1773 non
1810 1723 1906 1773 lta-

217 1805 354 1867 heis,
402 1802 486 1855 sed
520 1802 708 1855 G'raecis
729 1836 745 1860 ,
796 1817 911 1852 cum
951 1797 1218 1850 Harduino
1254 1796 1534 1867 habuerim)
1582 1796 1811 1848 videntur
1858 1795 1905 1847 se

218 1877 415 1931 scribere
439 1893 512 1938 Δις
539 1873 767 1948 νεωχᾷρες,
813 1872 960 1925 semel
986 1871 1168 1924 scilicet
1198 1869 1326 1925 Deae
1351 1871 1526 1924 Romae
1543 1912 1562 1933 2
1609 1870 1754 1923 semel
1787 1870 1903 1924 Del

219 1951 393 2016 Jews.
1365 2007 1370 2018 ,

288 2025 476 2097 Neque
498 2025 649 2096 usque
674 2024 800 2077 adeo
827 2023 1008 2076 mirum
1033 2021 1081 2073 in
1098 2019 1245 2096 Julise
1278 2020 1497 2073 Domnae
1523 2021 1735 2073 nummis
1760 2038 1902 2073 com-

219 2117 383 2171 parere
417 2113 494 2153 ter
538 2098 906 2169 &Augustorum
941 2101 995 2151 &
1028 2096 1171 2150 simul
1209 2096 1380 2149 Romae
1412 2114 1649 2149 πέπονος.
1742 2097 1902 2164 Qued

217 2190 324 2227 tum
354 2176 568 2226 maxime
594 2170 839 2244 glisceret,
879 2191 991 2245 quae
1014 2173 1109 2234 jam
1134 2169 1353 2225 Aristidis
1381 2170 1616 2222 Rhetoris
1639 2185 1777 2223 aetate
1806 2171 1897 2242 gli.

219 2248 345 2302 scere
387 2263 634 2320 coeperat,
679 2248 882 2302 ambitio
917 2248 997 2300 illa
1022 2247 1142 2300 inter
1170 2244 1438 2316 Ephesios,
1485 2248 1792 2315 Smyrnaeos,
1844 2262 1901 2297 ac

218 2325 546 2395 Pergamenos
586 2323 795 2395 (quibus
818 2331 867 2380 ὃς
893 2322 984 2374 sese
1006 2322 1224 2374 Sardiani
1258 2319 1616 2372 intermiscuisse
1640 2321 1901 2382 videntur,

218 2413 271 2450 ut
285 2398 444 2450 statim
460 2397 766 2469 videbimus)
792 2417 890 2470 qua
902 2396 945 2448 se
962 2396 1133 2462 ωξώτες
1157 2394 1330 2467 singuli
1355 2395 1531 2447 herum
1556 2395 1870 2448 venditabant
1886 2416 1902 2447 .-

218 2473 350 2524 unde
381 2481 429 2527 ὅτ
456 2471 542 2525 sub
566 2474 736 2524 eadem
756 2473 890 2546 Juiia
914 2472 1116 2524 Domna
1141 2469 1397 2530 habemus,
1437 2475 1484 2522 &
1507 2468 1595 2522 sub
1623 2470 1900 2529 Caracalla,

221 2548 480 2601 Herennio
532 2551 581 2599 &
635 2547 896 2602 Valeriano
933 2584 949 2610 ,
1022 2564 1104 2600 HE
1127 2562 1245 2600 PrA
1263 2565 1306 2598 M
1329 2563 1358 2596 E
1378 2564 1414 2597 N
1432 2565 1523 2600 ΩΝ
1608 2562 1842 2599 ΠΡΩΤΩ
1860 2561 1898 2594 Ν

224 2639 261 2673 T
283 2643 308 2675 P
329 2639 346 2672 1
368 2642 399 2678 Σ
439 2643 477 2677 Ν
497 2641 526 2675 E
545 2642 581 2676 Ω
598 2640 634 2675 K
656 2641 691 2676 o
712 2642 789 2677 ΡΩ
805 2643 859 2676 Ν.
932 2624 1107 2691 Quum
1135 2635 1299 2675 autern
1326 2619 1418 2673 sese
1445 2620 1642 2693 ephesii
1676 2618 1905 2742 efferreng

1837 2709 1869 2743 o
