2139 3100
291 163 393 216 DE
434 163 735 218 PouTtr.
774 158 1100 214 GRAEcox.
1137 161 1190 213 δε
1229 159 1662 218 AstAaclns.
1735 165 1839 235 283

130 253 306 325 ,plures
336 255 507 324 ostfiae
532 259 782 311 civitates
820 252 968 327 [quas
990 268 1154 308 tamen
1179 270 1282 329 non
1305 248 1551 323 nominat]
1589 253 1828 326 laborasse

141 329 494 394 vehementer,
534 350 594 385 ac
625 333 833 402 penitus
871 329 962 399 effi?
997 327 1271 399 collapsam
1321 328 1382 388 όν
1415 330 1687 402 praesertim
1728 336 1820 398 Ly-

139 406 350 473 zt'cum:
394 405 594 477 ejusque
620 406 756 459 urbis
784 403 1022 475 templum
1059 405 1342 456 maximum
1367 408 1619 467 omnium,
1665 414 1819 475 atque

132 478 520 548 pulcherrimum
544 478 793 549 corrugsse.
869 479 1037 549 Qare
1060 494 1121 529 ex
1150 475 1318 530 Dione
1342 475 1499 531 forsan
1515 515 1531 541 ,
1567 478 1701 549 apud
1715 480 1816 531 Ca-

138 552 447 622 pitolinum,
484 551 612 606 istud
639 552 978 614 Rhodiorum,
1018 553 1067 605 in
1091 551 1484 615 Cyzicenorum,
1522 552 1814 606 mutandum

137 623 309 681 fuerit:
346 635 506 700 quum
532 642 635 683 tam
660 628 904 700 sigillatim
932 628 1014 679 ille
1034 627 1097 680 de
1120 626 1352 699 CyziCO,
1397 630 1449 680 &
1486 624 1817 697 Hellesponto

138 700 342 775 (caetera
368 702 482 756 Afia
497 739 512 765 ,
549 721 607 755 ac
630 705 834 775 quidem
860 702 1064 774 Propria
1085 700 1289 775 omissa)
1330 703 1573 776 loquatur.
1621 706 1815 768 Quam-

136 777 211 828 vis
242 778 438 841 Asiam,
474 780 523 831 in
557 779 720 851 eaque
753 779 1041 850 Smyrnam,
1080 777 1165 830 hic
1202 778 1408 831 minime
1445 775 1691 830 exclusam
1726 792 1815 830 ve-

134 849 250 903 lim:
286 866 344 904 ut
382 871 495 925 quae
527 855 652 907 circa
690 853 793 905 haec
828 868 1052 925 tempora
1084 852 1273 925 (modo
1316 870 1404 925 per
1435 852 1648 906 eundem
1681 864 1816 904 terrae

135 925 365 998 motum)
404 929 652 980 corruerit.
1651 987 1653 989 .

149 1036 152 1040 -
207 1001 416 1056 Corruit
440 1002 588 1073 igitur
608 1001 724 1054 hinc
761 1002 948 1056 assertio
985 1002 1066 1056 illa
1100 1002 1385 1057 Doffiffimi
1421 1001 1706 1066 Vaillantii,
1749 1001 1814 1054 de

133 1072 323 1126 XIII.
361 1075 557 1129 urbibus
590 1076 717 1129 Asiae
740 1091 876 1130 terrae
903 1081 1045 1130 motu
1069 1077 1319 1149 collapsis:
1358 1076 1478 1130 sicut
1502 1081 1553 1130 ὃς
1587 1075 1674 1129 ista
1695 1093 1811 1148 quae

133 1145 332 1200 istarum
355 1147 544 1204 XIII.
586 1152 731 1204 ruinis
756 1150 1093 1223 superstruxit:
1134 1170 1313 1224 nempe
1339 1151 1425 1206 has
1448 1151 1632 1207 XIII.
1670 1151 1812 1205 urbes

131 1222 182 1273 in
216 1225 507 1278 memoriam
556 1225 909 1279 beneficiorum
947 1227 1260 1298 Imperatoris
1286 1264 1302 1290 ,
1346 1227 1583 1298 plurimos
1624 1225 1811 1278 cudiffe

131 1315 396 1360 numm053
436 1317 651 1371 quorum
672 1301 701 1352 ὲ
723 1318 926 1353 numero
955 1299 1188 1363 fueritis,
1226 1302 1291 1353 de
1324 1304 1462 1371 cujus
1497 1299 1811 1371 inscriptione

130 1388 263 1423 nunc
287 1388 498 1443 agimus:
538 1392 598 1427 ac
624 1375 827 1447 quidem
865 1376 911 1428 C
927 1378 982 1431 V
982 1374 1102 1430 RA
1114 1376 1181 1431 N
1190 1376 1244 1429 T
1245 1376 1298 1431 E
1342 1375 1562 1431 Claudio
1597 1373 1813 1427 Fronto-

130 1463 230 1507 ne,
273 1447 346 1498 ad
376 1449 434 1501 td
456 1462 618 1500 creato
663 1448 909 1501 AfiarchA.
988 1450 1071 1500 De
1109 1467 1216 1519 quo
1254 1450 1371 1502 CV
1370 1449 1486 1501 RA
1500 1449 1568 1502 N
1576 1448 1683 1502 TE
1722 1447 1811 1499 sta-

129 1519 220 1572 tim
267 1520 455 1590 aliquid
506 1521 703 1574 addam.
776 1519 1141 1572 Eruditiffimus
1185 1520 1330 1572 Pater
1377 1521 1693 1577 Harduinus,
1746 1521 1811 1573 sic

125 1596 275 1646 etiam
307 1593 651 1656 Rhodiorum,
692 1592 827 1665 apud
865 1592 1244 1664 Capitolinum,
1282 1594 1435 1666 legit,
1474 1596 1540 1647 ita
1578 1602 1627 1649 &
1664 1595 1813 1648 Rho-

125 1666 267 1728 dios,
306 1672 358 1720 &
387 1665 627 1719 Asiaticos
648 1666 907 1720 communi
929 1668 1158 1730 nomine,
1193 1665 1273 1719 seu
1297 1672 1513 1739 pariter,
1555 1669 1654 1743 (ita
1677 1688 1814 1723 nam·

124 1757 225 1812 que
258 1739 401 1812 loqui
433 1740 591 1812 amat)
627 1738 809 1810 juffiss‘e
850 1739 1010 1814 (tale)
1052 1740 1290 1795 numisma
1331 1745 1479 1797 cudi:
1528 1762 1591 1797 ex
1627 1746 1802 1798 eadem

126 1823 306 1887 nempe
337 1812 503 1876 causa,
551 1833 702 1886 quam
741 1813 1033 1869 Vaillantius
1071 1815 1226 1870 affert.
1313 1818 1554 1888 Hincque
1599 1819 1719 1890 legit
1752 1820 1802 1871 in

124 1904 333 1945 nummo
391 1909 446 1945 n.
507 1908 686 1945 ΡΟΔΙ
715 1908 807 1943 οΝ
856 1890 1010 1962 idque
1060 1891 1275 1961 explicat
1322 1890 1567 1955 πξυῶίνεως
1614 1891 1798 1950 ‘possam

127 1963 280 2033 Qafi
308 1965 390 2018 ille
414 1965 664 2019 Claudius
695 1964 889 2020 Fronto
927 1965 1068 2018 simul
1100 1969 1151 2017 &
1189 1964 1509 2019 Rhodiorum
1549 1967 1798 2040 Prytanis,

124 2041 176 2090 ὃς
204 2037 460 2102 Afiarcha,
494 2045 544 2093 &
566 2038 834 2103 Pontifex,
873 2039 970 2095 five
991 2041 1209 2112 αἱρχιερώς
1233 2041 1415 2094 XIII.
1453 2041 1646 2095 urbium
1676 2042 1801 2097 Asiae

125 2111 342 2185 Propriae
358 2133 379 2174 ;
413 2115 603 2169 illarum
628 2115 843 2179 scilicet,
881 2134 1002 2190 quas
1032 2119 1130 2179 jam
1152 2112 1287 2187 supra
1308 2118 1613 2171 enumeravi:
1652 2116 1796 2190 quod

130 2187 286 2250 mihi,
324 2187 508 2253 fateor,
543 2191 686 2262 plane
707 2193 1016 2263 paradoxum
1044 2189 1126 2243 est.
1555 2197 1559 2201 '

199 2260 441 2335 Namque
475 2266 512 2319 si
547 2265 806 2319 statuamus
848 2265 1084 2320 Rhodios
1121 2265 1299 2318 eodem
1333 2279 1559 2340 tempore
1590 2303 1606 2330 ,
1654 2263 1800 2318 fimili

127 2335 272 2387 ruinae
294 2337 538 2393 involutos
570 2338 708 2394 fuiffe
743 2340 916 2414 (quod
948 2339 1151 2393 minime
1178 2339 1400 2416 constat)
1440 2359 1658 2416 quonam
1694 2356 1801 2391 mo-

127 2408 199 2461 do
220 2409 470 2479 probabile
495 2412 584 2477 fit,
631 2434 801 2470 omnes
842 2417 952 2470 istas
991 2415 1173 2469 XIII.
1210 2415 1380 2482 urbe8‚
1430 2436 1539 2491 quae
1572 2415 1615 2479 Ze}
1639 2412 1796 2475 κοινὰν,

126 2481 205 2535 seu
240 2501 491 2539 commune
532 2489 659 2556 Astae
699 2491 1055 2546 constituebant
1080 2528 1095 2554 ,
1146 2489 1210 2544 fic
1247 2489 1338 2543 Isto
1382 2507 1513 2546 terrae
1553 2507 1692 2543 motu
1723 2486 1794 2538 af-

125 2556 283 2611 flistas
296 2556 435 2613 fuisse
451 2601 472 2623 ,
508 2579 564 2613 ac
578 2560 730 2617 nullas
753 2568 866 2620 alias
877 2582 1048 2639 praeter
1069 2564 1220 2638 ipsas?
1257 2581 1338 2618 aut
1362 2568 1396 2622 s1
1420 2567 1619 2620 simul&
1636 2563 1797 2634 Cyzi-

129 2648 273 2697 cum,
327 2637 380 2688 ὃς
421 2634 666 2710 Bithyniae
715 2646 767 2696 &
812 2643 1023 2714 regionis
1067 2638 1452 2713 Hellesponticae
1494 2641 1660 2704 urbes3
1711 2635 1800 2717 qu}

884 2718 937 2775 N
960 2733 992 2767 n
1031 2734 1059 2768 2
1691 2727 1813 2764 ven-
