2139 3100
229 150 339 209 794
694 130 1202 184 DISSERTATIO
1279 124 1513 180 Nom.

206 325 209 327 ‡
302 297 349 350 C
351 311 492 347 onere
517 290 609 344 hoc
626 288 732 359 fitc's
753 285 1004 353 adortaest
1015 285 1332 341 tremebunda
1350 286 1450 341 CO
1465 283 1570 339 Ml
1583 287 1673 341 TI
1684 286 1727 339 Β
1744 290 1793 343 U
1813 288 1850 343 S
1862 314 1876 346 .-

303 371 478 440 Agite,
504 369 573 417 ite
593 363 665 415 ad
678 362 788 415 alta
815 360 979 414 Gollae
1005 360 1199 430 Cybeles
1227 380 1428 414 nemora
1438 361 1619 431 simul,

310 440 468 496 Simul
489 442 559 490 ite
582 435 911 496 Dindymenae
938 432 1148 489 dom'inae
1182 434 1356 489 VAG
1374 439 1434 490 A
1466 434 1514 487 P
1530 434 1580 486 E
1599 434 1637 487 C
1652 435 1700 488 O
1715 434 1766 488 R
1785 434 1865 498 A,

310 516 592 584 Altenaque
608 521 866 581 petentes,
905 510 1051 565 velut
1090 510 1294 573 exules,
1335 511 1444 564 loca

311 586 503 640 Sectam
538 602 698 638 meam
734 596 952 639 executae
978 583 1100 638 duce
1134 602 1233 647 me,
1277 584 1401 638 mihi
1429 583 1529 638 CO
1547 585 1651 639 Ml
1658 582 1815 655 YES

310 659 568 731 Rapidum
597 657 767 725 salum
803 659 992 726 tultstis
1007 695 1023 720 ‚
1073 660 1453 733 truculentaque
1467 659 1661 733 pelagi,

304 736 479 807 Atque
506 734 934 810 corpasevirastts
965 735 1168 787 Venerts
1193 736 1346 786 nimio
1370 736 1494 790 odio.

306 886 449 939 Tum
462 888 511 937 &
526 882 625 936 hoc
646 859 878 956 seqtienti:

232 959 399 1015 Simul
415 957 521 1014 haec
551 957 650 1011 CO
668 959 739 1013 M
748 958 784 1011 I
791 957 877 1013 Tl
888 956 932 1009 Β
947 959 1002 1011 U
1006 955 1046 1010 S
1085 955 1218 1024 Atys
1255 958 1443 1026 cecinit
1478 960 1802 1013 novamulz'er.

302 1108 439 1162 Sicut
460 1113 512 1163 &
539 1107 639 1160 hoc
662 1105 796 1160 versu
823 1106 1133 1180 semetipsum
1149 1142 1166 1168 ,
1203 1105 1334 1180 quasi
1360 1107 1532 1162 mulier
1554 1103 1817 1171 effet,non
1838 1107 1927 1161 Sa-

232 1180 506 1243 cerdotem,
547 1181 631 1234 sed
650 1181 917 1254 famulam
959 1196 1129 1237 vocat:

235 1331 403 1406 Egone
425 1330 623 1477 JPecim
675 1330 937 1387 MINIS
955 1285 1180 1395 TRque
1206 1330 1268 1392 ὠ
1298 1331 1496 1404 Cybeles
1546 1331 1857 1392 FAMUL
1877 1334 1929 1387 A

466 1426 590 1462 erar.
981 1447 993 1453 -
1904 1425 1907 1428 ·

303 1561 472 1627 Quam
509 1556 811 1620 ministram,
862 1557 896 1611 fi
922 1557 1011 1612 hic
1033 1576 1127 1630 pro
1162 1557 1408 1614 sacerdote
1444 1557 1608 1612 haberi
1633 1559 1744 1630 quis
1789 1547 1923 1620 vult,

234 1650 361 1688 certe
387 1634 440 1687 id
464 1650 568 1687 non
593 1633 821 1695 ulterius,
858 1651 1009 1703 qua-m
1045 1634 1108 1685 ad
1136 1633 1298 1702 ipsum
1335 1636 1514 1699 thyn
1535 1669 1551 1694 ,
1586 1647 1733 1704 atque
1753 1632 1799 1683 in
1829 1643 1925 1703 post

232 1708 408 1763 sterum
432 1710 495 1762 ad
520 1705 903 1779 <Arch{gallos,
939 1705 1199 1759 extendere
1221 1706 1418 1776 poterit.

308 1785 508 1838 Interim
546 1781 647 1856 ipse
678 1798 883 1854 quoque
917 1780 1165 1835 Gerardus
1189 1781 1338 1855 Joant
1379 1778 1582 1846 Voss‘rus
1616 1779 1827 1833 eundem
1852 1797 1922 1833 er-

237 1873 303 1911 rat
324 1877 550 1917 errorem.
624 1857 762 1910 Dum
783 1857 913 1909 enim
952 1855 1350 1909 Idololatriaelib.
1391 1871 1438 1908 1.
1475 1872 1586 1925 cap.
1612 1849 1716 1925 53(
1749 1854 1922 1908 Gallos

237 1931 473 2014 ‘Phrygia’
501 1935 743 1995 ffiiatrt‘s
755 1931 1036 2000 sacerdotes
1080 1947 1261 1995 vocat,
1297 1930 1468 1984 eadem
1504 1928 1782 1986 Herodiani
1819 1947 1922 1983 ver-

236 2007 297 2057 ba
323 2006 559 2063 sententiae
585 2007 680 2062 suae
721 2006 972 2060 firmandae
1007 2005 1240 2069 adducit,
1283 2011 1334 2061 Sc
1362 2006 1525 2060 vertit:
1579 2023 1609 2057 a
1634 2024 1731 2080 quo
1767 2009 1920 2058 etiam

236 2084 428 2134 evirati
455 2083 578 2138 Deae
590 2079 877 2153 sacerdotes
902 2083 1234 2151 nomenfitum
1259 2081 1495 2135 obtinent.
1543 2080 1726 2134 Cicero
1756 2095 1918 2134 autern

235 2153 365 2225 ipsos
387 2173 488 2207 non
513 2157 798 2219 sacerdotes,
823 2155 903 2210 sed
919 2157 1271 2210 tantummodo
1276 2154 1506 2226 famulos
1528 2155 1768 2229 appellat,
1797 2155 1919 2208 dum

235 2228 322 2281 lib.
356 2250 402 2289 2.
432 2229 511 2283 De
536 2231 720 2303 legibus
746 2233 843 2286 ait:
883 2230 1076 2286 Praeter
1103 2230 1230 2285 ldeae
1245 2229 1436 2286 Matris
1454 2229 1709 2301 famulos,
1748 2229 1917 2304 eosque

231 2304 378 2376 justis
401 2303 599 2370 diebus,
637 2324 695 2363 ne
717 2309 830 2377 quis
844 2304 1013 2380 stipem
1038 2304 1252 2379 colltgat.

1774 2672 1900 2726 Haec
