2139 3100
212 120 315 175 DE
354 120 1011 175 STEPHANEPHorus
1048 116 1500 183 GRAEconuM,
1543 123 1636 172 &e
1702 134 1805 190 377

125 208 290 273 deret,
340 211 453 263 inde
491 209 629 263 simul
664 210 900 263 Sacerdos
939 226 1144 281 quoque
1178 206 1489 274 saffirus-suin
1542 226 1627 263 aut
1659 209 1800 283 quod

125 284 414 338 Sacerdotio
440 286 649 339 donatus
669 285 782 337 effer
806 284 922 337 inde
947 283 1247 355 magistratus
1270 284 1496 354 politicus
1534 284 1646 357 (sub
1673 304 1800 358 quo-

127 375 324 431 cunque
347 361 545 411 tandem
572 358 799 431 nomine)
841 358 980 411 simul
1002 356 1119 412 fuit:
1159 360 1380 429 quamvis
1394 375 1509 412 cum
1537 363 1659 414 inter
1683 366 1795 412 Ko-

127 451 300 486 manos
328 450 432 486 tum
464 437 589 486 inter
614 435 819 487 Graecos
848 432 1096 486 multoties
1118 431 1374 494 acciderit,
1414 448 1468 485 ur
1491 451 1614 487 unus
1640 435 1796 487 idem-

126 525 227 578 que
261 508 401 560 fimul
437 508 651 579 pluribus
686 508 963 561 muneribus
987 507 1228 577 politiciS,
1269 525 1325 559 ac
1351 508 1528 578 pariter
1561 508 1691 579 (uno
1713 526 1795 561 eo-

126 583 349 654 demque
374 589 626 655 tempore)
666 583 881 654 pluribus
908 581 1047 634 simul
1070 581 1358 635 sacerdotiis
1384 579 1680 654 fungeretur.

199 656 392 729 Neque
425 674 528 709 vox
550 657 631 709 illa
656 654 783 734 ἀρχῆ
804 656 936 728 apud
962 655 1332 718 Philostratum3
1369 658 1500 709 unde
1522 655 1677 711 forsan
1702 675 1794 729 po-

129 730 364 786 tissimum
395 731 518 784 hanc
548 733 833 802 opinionem
861 729 1041 790 haufir·,
1079 729 1287 800 (nempe
1319 730 1402 782 ubi
1434 733 1503 792 is,
1546 733 1610 785 de
1636 733 1795 785 Hera·

127 806 258 859 elide
292 808 383 859 ait:
438 807 522 870 Ka)
548 803 845 878 ςεφανηφίρον
868 803 1037 879 Ἀρχία)
1071 806 1315 875 πτιρ’ωυπῖς
1353 803 1500 881 ἧρξεν)
1538 806 1631 859 tale
1669 807 1794 877 quid

128 881 232 933 ullo
258 881 415 933 modo
440 885 646 934 evincit:
696 897 851 952 quum
875 880 1008 949 apud
1030 878 1339 950 Smyrnenses
1356 915 1372 941 ,
1407 881 1500 952 (de
1526 881 1699 953 quibus
1727 881 1795 934 ibi

127 954 444 1008 Philostratus
469 955 714 1026 loquitur)
749 952 1141 1026 Stephanephori
1164 971 1261 1005 non
1288 957 1441 1023 magis
1472 955 1618 1009 effent
1643 956 1795 1027 magi-

128 1028 296 1082 stratus
333 1028 562 1099 politicus
575 1064 590 1089 ‚
637 1045 787 1101 quam
823 1032 1041 1103 ἀρχιερεῖς
1077 1041 1223 1097 atque
1262 1029 1534 1104 ἀσιοίςχαμ
1578 1047 1792 1100 quorum

127 1103 384 1155 amborum
433 1102 704 1173 appeliario
743 1120 945 1174 quoque
989 1100 1159 1172 ’apxbd
1200 1103 1430 1165 includit,
1474 1119 1796 1175 praeterquam

129 1176 270 1249 quod
312 1176 575 1230 Athenaeus
620 1176 802 1230 exserte
849 1175 978 1229 istud
1021 1175 1343 1228 sacerdotium
1388 1176 1526 1250 α’ρχῆν
1557 1177 1794 1250 appellet.

132 1252 329 1319 Qubus
358 1251 669 1314 addendum,
703 1252 769 1303 ibi
797 1249 964 1322 <apud
989 1249 1298 1323 Smyrnenses
1327 1253 1534 1324 nempe)
1562 1260 1606 1308 &
1633 1276 1795 1325 ςρριτη-

133 1326 249 1397 γὲς,
287 1327 335 1377 &
362 1324 615 1388 οἱνθυπὶτες
639 1331 691 1378 &
713 1326 831 1378 alios
855 1343 1097 1397 quoque,
1134 1327 1349 1396 regimen
1386 1328 1645 1398 politicum
1669 1328 1803 1379 obti-

127 1399 278 1451 nuisse
292 1434 309 1459 ,
344 1417 400 1451 ac
424 1399 583 1453 solum
594 1418 692 1472 qua
713 1399 859 1463 tales·,
892 1399 1331 1471 hincqueipsorum
1350 1401 1550 1454 nomina
1573 1400 1798 1472 frequen-

127 1474 222 1524 tius
246 1490 397 1543 quam
432 1474 511 1524 illa
536 1479 568 1529 ’ἓ
592 1472 899 1544 ςῑφοινηφέρων
913 1507 930 1534 ,
962 1488 1044 1524 aut
1065 1472 1331 1545 ἀρχιερέων,
1370 1490 1452 1527 aut
1480 1477 1726 1549 ’aocx'pxcov
1749 1476 1798 1529 in

125 1545 486 1618 Smyrnenfium
513 1548 724 1598 nummis
749 1563 1047 1617 comparere.

194 1619 279 1672 Ad
300 1619 380 1671 illa
402 1636 563 1671 autem
600 1618 866 1691 posteriora
889 1621 1033 1674 verba
1070 1621 1288 1675 Platonis
1322 1623 1386 1676 de
1423 1624 1685 1698 Magnesiis
1710 1624 1795 1677 hic

127 1690 249 1748 infra
275 1694 513 1764 repetita,
562 1692 852 1747 crediderim
890 1696 1266 1750 eruditiffimum
1298 1700 1485 1762 virum,
1529 1702 1590 1753 eo
1626 1701 1798 1753 oculos

123 1767 435 1840 potiffimum
454 1768 725 1822 intendisse.
805 1775 871 1823 At
893 1771 928 1824 fi
948 1770 1030 1822 illa
1055 1771 1272 1824 Platonis
1295 1775 1437 1826 verba
1458 1779 1666 1828 curatius
1678 1794 1796 1847 pau-

125 1845 180 1895 lo
209 1842 566 1914 perpendantur
587 1844 706 1898 nihil
727 1845 914 1906 minus,
950 1861 1063 1896 meo
1078 1846 1297 1915 judicio,
1322 1849 1371 1899 in
1397 1849 1505 1919 ipfis
1519 1854 1798 1922 reperimus.

129 1916 212 1968 Ut
235 1931 393 1969 autern
420 1918 547 1971 istud
569 1919 740 1972 clarius
770 1934 959 1991 pateat,
995 1934 1266 1990 repetamus
1295 1921 1393 1975 huc
1418 1925 1561 1977 verba
1584 1925 1663 1978 illa
1683 1925 1796 1978 Pla-

131 1990 260 2043 tonis
280 1990 343 2042 ad
374 2008 497 2064 quos
525 1995 739 2047 maxime
767 1993 888 2047 mihi
916 1992 1114 2046 Patinus
1142 1993 1394 2067 respexiffe
1426 1998 1646 2052 videtur:
1689 1998 1792 2052 His

132 2066 284 2137 igitur
311 2070 398 2138 quz'
424 2071 584 2122 totius
620 2072 858 2123 civitatis
894 2067 1114 2137 censt’nstc
1150 2071 1672 2145 omntbmpraepostti‚
1714 2070 1797 2127 clo-

130 2155 221 2192 m’c
243 2142 471 2194 vixerint
485 2145 638 2212 primi
660 2140 1097 2216 confhſjmsbnzper
1122 2146 1174 2198 in
1201 2148 1425 2199 omnibus
1444 2147 1791 2216 solemnitati-

95 2269 98 2272 (
134 2211 226 2266 bus
251 2215 584 2283 praebeantur.
657 2219 735 2274 Et
770 2219 1154 2291 quandocunque
1192 2220 1263 2274 ad
1290 2227 1566 2275 communia
1596 2223 1795 2275 Graeco-

137 2304 246 2339 rum
270 2285 561 2342 Certamina
586 2310 645 2346 ac
679 2291 852 2347 Ludos
890 2292 1246 2347 Archttheoros
1281 2297 1476 2349 mittere
1497 2317 1529 2351 a
1555 2299 1794 2350 Civitate

135 2359 314 2429 neceffe
351 2360 441 2430 est,
476 2381 538 2416 ex
564 2365 670 2434 istis
708 2381 997 2422 mittantur.
1071 2367 1153 2421 Hi
1188 2369 1280 2436 solz
1301 2373 1354 2422 in
1378 2375 1590 2426 civitate
1620 2388 1796 2424 corona

138 2435 308 2488 laurea
330 2449 649 2499 coronentur;
684 2441 740 2494 hi
763 2443 926 2497 SOL
941 2441 1021 2496 IS
1057 2440 1118 2499 ἔν’
1158 2443 1280 2496 AP
1295 2444 1342 2496 O
1360 2443 1408 2494 L
1430 2443 1686 2498 LJNJs
1706 2446 1799 2511 sa-

140 2508 481 2592 cfrdotesstnt.
518 2512 823 2572 Archiereus
833 2517 925 2587 fi’u
943 2513 1187 2587 Pontifex
1203 2520 1356 2572 etiam
1373 2519 1606 2573 Summus
1627 2517 1723 2584 [N
1730 2519 1802 2588 Β]

127 2585 349 2658 fingulis
372 2588 524 2642 annis
551 2605 613 2642 ex
636 2589 719 2645 his
740 2593 826 2648 ille
834 2593 909 2663 fit
924 2630 941 2657 ,
960 2597 1066 2720 bqm
1090 2590 1330 2664 sitpertori
1352 2612 1481 2649 anno
1512 2606 1700 2650 caeteres
1721 2614 1808 2648 ex·

901 2667 944 2722 B
1005 2667 1036 2719 b
1601 2670 1815 2742 cellmsse
