2139 3100
314 196 415 250 250
733 172 1223 230 DISSERTATIO
1263 166 1561 222 TERTIA

317 270 461 324 libus.
540 265 645 320 Sed
674 262 1023 334 dff'cillimum
1061 257 1127 328 est
1173 276 1354 312 verum
1400 261 1632 314 invenire
1669 262 1993 331 conjefi'ando

321 344 577 397 lefflonem
602 339 981 409 Inftrtpttonum
1009 333 1142 387 male*-
1154 332 1543 405 descriptarum:
1580 352 1731 401 quum
1758 336 1920 391 multa
1941 343 1997 391 in

322 419 387 469 iis
413 423 767 469 memorentur,
805 424 917 480 quae
940 405 1184 481 mesenam
1206 407 1330 462 alibi
1371 420 1651 464 occurrunt.
1727 408 1908 482 Neque
1947 411 2003 463 id

324 494 506 545 mirum
530 502 637 537 cum
650 481 788 551 saepe
813 483 1102 536 contineant
1130 482 1414 554 peculiares
1446 487 1581 538 ritus
1621 485 1890 537 variarum
1919 502 2000 536 ur-

323 565 483 618 bium,
523 574 736 628 quarum
761 557 954 610 nullam
980 555 1076 610 vel
1103 558 1336 630 extgztam
1358 557 1566 630 proeliis
1590 557 1830 612 habemus
1853 557 2002 627 htsto-

323 641 467 688 rzam.
541 630 628 685 Ea
652 630 773 683 verb
799 630 906 701 ipsa
928 633 1054 704 quia
1073 633 1244 703 tgnota
1277 631 1401 698 fiant
1427 629 1538 687 ideo
1568 632 1873 704 pottſjlmum
1897 632 2007 706 ple·

324 721 529 779 rumque
553 705 617 758 ab
642 706 742 767 iis,
779 710 868 777 qut
888 705 1204 776 descripsere,
1242 708 1372 761 male
1399 720 1607 780 excepta
1616 707 1774 772 stent,
1815 706 1924 765 &a

397 781 458 834 In
483 778 658 833 eadem
680 778 767 832 ista
789 777 1105 851 inscriptione
1129 794 1280 834 vexat
1307 799 1447 855 aeque
1470 781 1573 835 fere
1605 781 1729 835 illud
1758 800 1795 834 T
1813 803 1840 836 P
1859 803 1879 836 1
1898 801 2007 837 ΣΑ-

326 875 363 912 Π
382 874 418 909 o
436 874 468 909 A
485 874 515 908 E
533 874 569 908 Ω
585 875 624 910 N
641 898 659 918 ,
696 854 838 928 quod
861 872 990 926 eg0,
1029 853 1220 918 fateor,
1257 855 1400 911 initio
1423 857 1568 912 nimis
1582 854 1725 910 facile
1746 856 2010 910 immutans

324 950 420 1003 pro
461 952 481 985 1
505 949 535 984 E
556 952 584 987 P
601 949 637 988 o
656 949 745 986 no
765 948 954 985 ΛΕΩΝ
994 926 1291 1002 sumpseram
1315 950 1327 983 ε
1373 949 1487 1004 quae
1533 932 1811 995 coniefi‘tura
1844 945 2009 985 tamen

322 1004 459 1060 facili
482 1005 647 1060 labore
670 1004 977 1060 subvertitur.
1052 1005 1214 1073 Quod
1246 1006 1473 1079 quamvis
1504 1004 1705 1060 diversae
1737 1006 1876 1059 urbes
1910 1014 2010 1079 ἱερο-

325 1079 498 1140 πέλεως
523 1081 726 1134 nomine
748 1080 967 1137 venerint
1003 1081 1073 1147 (in
1104 1078 1354 1154 Phrygia,
1399 1081 1450 1134 in
1476 1080 1644 1148 Cana,
1678 1081 1730 1134 in
1755 1080 1925 1151 Syria,
1961 1084 2013 1133 in

327 1155 512 1228 Creta)
551 1156 683 1210 nulla
704 1171 869 1210 tamen
889 1174 1086 1220 earum,
1123 1156 1205 1211 vel
1239 1156 1332 1211 alia
1364 1156 1613 1228 quaepiam
1634 1155 1906 1228 lequto'aecov
1929 1173 2017 1227 ap-

325 1231 624 1301 pellatione,
659 1232 888 1306 adeoque
912 1232 1087 1304 plurali
1120 1233 1352 1296 nomine,
1399 1232 1597 1286 venerit.
1674 1232 1829 1285 Unde
1863 1237 1913 1285 ὃ(
1944 1230 2023 1283 fa·

324 1305 510 1359 cillime
544 1306 753 1361 inducor
789 1308 875 1361 hic
912 1306 1174 1381 (quamvis
1206 1308 1261 1362 id
1298 1307 1356 1361 fit
1378 1306 1559 1361 durum
1595 1320 1745 1380 atque
1780 1305 2013 1368 insolens,

326 1396 443 1432 cum
475 1381 603 1436 hisce
636 1382 983 1438 Celeberrimis
1013 1383 1125 1438 viris
1158 1381 1404 1456 (Cupero
1428 1401 1486 1436 ac
1507 1380 1812 1454 Perizonio)
1851 1380 2016 1453 legen-

329 1454 457 1507 dum
496 1474 536 1508 T
555 1478 583 1509 P
601 1477 619 1509 1
638 1476 670 1510 Σ
696 1476 744 1510 Δ.
783 1476 823 1509 Π
841 1477 877 1509 0
896 1475 932 1510 A
949 1477 981 1508 E
995 1477 1033 1509 Ω
1050 1478 1088 1509 Ν
1103 1499 1124 1519 ,
1158 1464 1250 1525 τρὶς
1273 1459 1392 1513 ἑῖκω
1412 1471 1581 1512 πολεων
1617 1458 1765 1529 (licet
1788 1456 1901 1510 alias
1927 1452 2016 1524 φςῖς

328 1524 446 1582 &sm
478 1529 698 1601 triginta
732 1527 981 1598 designet)
1013 1542 1120 1580 tum
1153 1529 1297 1598 quod
1333 1532 1386 1578 &
1421 1527 1599 1582 805an
1624 1536 1675 1581 δε
1696 1531 1852 1584 ’ένέὶκαι
1883 1527 2016 1598 lega-

329 1619 461 1655 mus:
499 1616 611 1655 tum
632 1603 775 1673 quod
797 1601 947 1653 etiam
970 1616 1197 1652 numerus
1219 1606 1250 1657 ἲ
1271 1624 1321 1669 cy
1352 1600 1547 1651 urbium
1575 1602 1700 1655 Asiae
1721 1602 1771 1653 in
1796 1600 2014 1653 nummis

331 1676 441 1748 plus
464 1674 613 1730 semel
642 1694 731 1747 per
768 1695 794 1729 r
812 1693 834 1728 1
875 1674 1175 1746 exprimatur
1186 1704 1207 1737 5
1246 1688 1354 1725 turn
1390 1674 1607 1743 denique
1632 1674 1776 1746 quod
1797 1677 1850 1726 δε
1874 1691 2013 1726 com-

333 1754 500 1806 munia
524 1750 755 1805 sacrificia
790 1768 876 1821 per
899 1747 1199 1803 Pontificem
1232 1746 1359 1801 Afiae
1390 1746 1585 1800 urbium
1612 1766 1704 1820 pro
1735 1749 1792 1802 iis
1815 1747 2014 1812 fierent;

332 1825 455 1879 ficut
490 1826 605 1878 alibi
632 1824 874 1891 ostendo3
911 1824 1107 1896 taleque
1130 1821 1425 1877 sacrificium
1459 1822 1788 1895 pereleganter
1822 1821 2014 1894 expres-

332 1898 437 1955 sum
463 1913 599 1953 extet
624 1901 673 1954 in
712 1916 921 1952 nummo
953 1897 1047 1951 isto
1067 1898 1256 1951 eximio
1292 1915 1444 1970 quem
1482 1898 1709 1970 Ampliff.
1737 1897 1829 1950 Ez.
1857 1898 2014 1968 Span-
2072 1933 2082 1942 -

335 1977 526 2029 hemius
564 1976 705 2028 nobis
756 1976 821 2028 ad
856 1973 1255 2036 Callimachum,
1289 1991 1354 2027 ex
1377 1973 1520 2027 Gaza
1552 1973 1674 2046 regis
1710 1972 1880 2026 Galliae
1923 1984 2015 2024 ex-

338 2050 499 2115 hibet,
533 2067 645 2122 pag.
669 2065 793 2121 479.
866 2051 1142 2124 Qtemque
1178 2065 1234 2103 ea
1274 2062 1473 2123 propter
1508 2048 1591 2102 hic
1626 2063 1679 2102 ut
1710 2045 2016 2121 repraesenta-

343 2141 444 2178 rem
465 2141 628 2194 operae
648 2126 861 2197 pretium
887 2125 1027 2180 duxi.

1887 2721 2022 2775 CA-
