2139 3100
509 141 747 198 Saciu
794 136 1309 196 TAunononrr.
1675 160 1741 215 25

62 239 223 310 Quod
238 237 574 314 postremum,
622 238 706 291 ubi
740 235 805 289 de
837 236 1141 292 initiantibus
1175 250 1324 307 atque
1358 229 1632 294 initiandiS,
1670 251 1742 285 ra·

60 322 197 371 tione
251 314 562 388 personarum
611 331 666 365 ac
700 312 949 384 dignitatis
982 312 1187 384 loquar,
1245 312 1309 364 de
1348 309 1592 361 Romanis
1615 307 1743 360 clare

64 391 287 463 patebit3
329 407 386 442 ac
418 390 544 442 circa
570 386 727 441 Sacra
769 387 1068 441 Taurobolia
1093 387 1293 450 clarius,
1334 401 1486 457 quam
1529 383 1583 436 id
1613 384 1741 438 circa

63 466 361 521 Mithriaca
386 481 448 516 ex
465 467 567 535 jam
590 461 975 535 praecedentibus
1001 462 1174 533 liquet.

139 537 436 612 Augustinus
462 554 626 591 autem
665 538 813 610 paulo
836 537 1082 590 obscurius
1097 579 1118 600 ,
1153 549 1300 608 atque
1321 535 1384 589 ita
1408 548 1462 588 ut
1485 534 1610 589 illius
1634 553 1743 588 ver„

62 614 124 668 ba
163 613 316 685 magis
363 616 426 665 ad
472 614 646 688 stipem
681 612 892 686 Magnae
932 613 1106 666 Matri
1144 625 1394 684 petenteS,
1439 628 1496 665 ac
1532 612 1739 681 quidem

62 690 310 760 utriulque
368 686 505 741 sexus
551 688 797 758 ejusmodi
848 688 1071 740 homines
1114 687 1268 740 trahas
1294 722 1309 747 ,
1368 685 1614 756 loquitur,
1660 686 1743 738 lib.

62 765 186 819 Vll.
210 783 254 818 c.
282 770 360 821 26,
399 766 463 816 de
490 764 647 818 Civit.
678 764 792 816 Dei:
847 763 941 815 De
966 761 1192 816 mollibus
1207 762 1358 814 eidem
1386 761 1556 814 Matri
1589 761 1744 832 Mag-

60 857 136 893 nae
156 852 331 894 contra
367 858 558 893 omnem
606 837 977 892 VIRORUM
1008 834 1619 907 MULIERUMQUE
1656 853 1746 887 ve-

61 915 345 966 recundiam
387 911 585 967 CONS
588 913 638 966 E
645 912 915 965 GRATIS
924 947 940 973 ‚
988 915 1075 985 qui
1096 913 1303 984 usquein
1327 909 1600 980 hesternum
1613 909 1743 962 diem

58 987 274 1041 madidis
334 989 522 1062 capillis
549 1024 562 1049 ‚
628 985 775 1057 facie
825 986 1059 1040 dealbata
1084 1022 1101 1048 ,
1160 985 1430 1052 fluentibus
1477 985 1742 1046 membris„

64 1062 241 1130 incestu
268 1061 529 1130 faeminea,
562 1075 651 1132 per
665 1061 873 1132 plateas
900 1059 1130 1132 vicosque
1165 1059 1492 1130 Carthaginis
1518 1061 1670 1111 etiam
1710 1077 1743 1112 a

55 1138 276 1209 populis,
317 1138 442 1191 unde
465 1139 681 1208 turpiter
707 1136 980 1197 viverent,
1019 1135 1299 1207 exigebant.

139 1209 325 1263 Verum
348 1228 462 1263 cum
488 1210 568 1263 illa
594 1227 705 1281 quae
732 1210 1014 1278 praecedunt
1030 1250 1052 1273 ,
1092 1225 1200 1273 ¹tum
1219 1207 1305 1261 ista
1328 1227 1439 1280 quae
1450 1206 1742 1279 sequuntur,

65 1281 214 1344 nihil,
262 1301 321 1335 ne
365 1286 588 1337 umbram
630 1284 835 1354 quidem
859 1325 880 1346 ,
942 1284 1088 1337 Sacri
1131 1282 1415 1337 Taurobolii
1462 1282 1744 1335 ostendunt,

68 1355 230 1407 Unde
259 1360 311 1407 ὃς
347 1358 528 1420 credo,
577 1358 717 1428 hujus
746 1357 1004 1431 Augustini
1034 1371 1259 1428 tempore
1294 1359 1392 1410 hoc
1424 1355 1648 1409 nondum
1693 1357 1743 1408 in

65 1425 287 1481 Africam
326 1431 588 1501 penetrasse
600 1462 615 1496 3
656 1449 814 1502 quum
843 1449 1051 1504 quoque
1071 1432 1218 1484 nullae
1241 1431 1337 1484 huc
1357 1429 1623 1501 spectantes
1663 1431 1745 1483 In·

62 1499 344 1570 scriptiones
378 1505 503 1556 illius
534 1507 584 1555 in
620 1503 787 1556 Africa
811 1506 1038 1557 celebrati
1071 1505 1402 1555 meminerint:
1437 1506 1667 1574 quamvis
1690 1506 1742 1557 in

61 1574 233 1635 Italia,
268 1574 317 1625 in
354 1573 619 1646 Hispania,
654 1589 804 1646 atque
838 1576 1001 1629 Gallia
1033 1575 1281 1646 (maxime
1316 1576 1364 1627 in
1390 1575 1740 1650 Narbonensi)

3 1672 6 1675 ·
61 1646 330 1720 permultos
366 1647 480 1701 huic
511 1651 659 1702 Sacro
701 1650 914 1703 initiatos
945 1649 1142 1722 liqueat.
1193 1651 1361 1722 Qare
1399 1658 1448 1706 ὃς
1475 1652 1742 1705 Tertullia-

61 1739 178 1784 nuS‚
215 1723 373 1775 minus
397 1724 668 1776 commode
700 1724 873 1795 (quod
889 1740 1005 1777 tunc
1029 1726 1244 1796 primum
1270 1727 1376 1780 haec
1401 1727 1545 1779 Sacra
1568 1743 1741 1781 exorta

60 1794 274 1867 fuerant)
309 1797 504 1851 illorum
538 1798 806 1851 meminisse
833 1814 1055 1871 poterat3
1106 1801 1228 1855 ficut
1262 1819 1350 1853 nec
1380 1802 1598 1872 ipsorum
1637 1820 1738 1854 me-

39 1870 227 1934 .minit;
264 1886 409 1945 atque
437 1871 784 1927 eruditiffimus
812 1873 1098 1939 Reinefius,
1144 1875 1230 1928 hic
1252 1875 1617 1929 Tertullianum
1646 1878 1737 1930 mi-

60 1962 146 1998 nus
170 1945 289 1999 bene
308 1948 562 2004 intellexit.

129 2020 318 2076 Primus
353 2023 518 2096 itaque
549 2026 675 2081 inter
709 2022 1016 2092 Christianos
1034 2061 1049 2088 ‚
1101 2025 1188 2098 qui
1218 2025 1359 2097 hujus
1391 2026 1528 2080 Sacri
1551 2024 1735 2081 exserte

62 2096 280 2148 meminit
306 2098 403 2161 est,
433 2099 593 2173 Julius
617 2099 860 2153 Firmicus
879 2100 1130 2153 Maternus
1171 2104 1231 2155 V.
1264 2106 1331 2155 C.
1370 2103 1418 2155 Is
1453 2102 1584 2155 enim
1611 2103 1735 2156 libro

42 2219 46 2221 a
67 2167 129 2248 de
149 2169 323 2224 Errore
339 2173 659 2229 Profanarum
676 2176 1002 2247 Religionum
1017 2212 1033 2238 ‚
1069 2176 1133 2229 ita
1151 2176 1376 2248 loquitur
1390 2219 1410 2240 ,
1450 2179 1568 2231 dum
1585 2178 1735 2230 Chri-

67 2239 126 2292 stl
153 2241 427 2314 sanguinem
460 2248 639 2304 horum
674 2250 934 2303 Sacrorum
960 2288 975 2311 ,
1036 2250 1331 2305 Taurobolii
1379 2270 1435 2304 ac
1483 2252 1736 2305 Criobolii

65 2313 278 2387 sanguini
294 2326 528 2394 opponit:
570 2324 671 2378 Pro
697 2325 855 2390 fallite
876 2325 1136 2378 hominum
1175 2336 1292 2398 agni
1328 2327 1466 2396 istius
1491 2345 1736 2380 veneran-

66 2387 374 2472 dusffinguv's
399 2396 670 2467 effunditur
685 2435 701 2461 ‚
740 2413 796 2453 ut
822 2397 1031 2453 Sanaos
1048 2398 1157 2465 filos
1172 2402 1313 2476 filius
1329 2402 1444 2454 Dei
1463 2401 1738 2471 projz'tfione

55 2466 266 2534 preciosi
276 2469 536 2541 sanguinis
563 2473 804 2528 redimat:
843 2487 900 2527 ut
926 2478 1013 2546 qui
1041 2473 1227 2547 Chresti·
1238 2475 1488 2548 sanguine
1524 2478 1739 2528 liveran—

65 2547 151 2589 tur
163 2572 180 2597 ι
219 2543 470 2614 majestate
501 2553 642 2619 prim
680 2551 956 2602 immortali
984 2548 1253 2620 sanguinis
1291 2568 1326 2601 c
1345 2567 1379 2600 o
1396 2570 1429 2601 N
1444 2568 1464 2601 s
1483 2567 1512 2600 E
1530 2565 1565 2599 c
1583 2566 1615 2598 R
1636 2566 1662 2600 ε
1682 2567 1741 2600 N-

66 2626 106 2663 T
125 2630 161 2665 u
181 2629 233 2665 R.
311 2614 596 2697 Neminem*
622 2623 756 2696 apud
798 2622 926 2678 idola
969 2622 1206 2697 profusus
1257 2626 1465 2697 sanguis
1517 2625 1738 2750 juverg.

1426 2727 1430 2731 ·
1721 2706 1744 2750 Ι
