2139 3100
225 102 326 156 DE
365 97 746 152 CochLro
791 97 1422 156 AMPHICTmNUM,
1458 101 1555 151 ὅτε.
1644 116 1742 167 455

156 197 370 250 Minime
391 209 551 248 tamen
575 187 859 261 pertendere
882 186 1030 239 velim
1057 184 1367 243 Polemarchi
1405 208 1579 243 munus
1617 192 1749 263 apud

85 273 290 329 AEtolos
304 269 435 321 idem
447 266 586 320 fuiffe
599 303 614 328 ,
638 264 755 316 ‘cum
771 280 832 313 eo
845 261 987 332 quod
1008 261 1142 331 apud
1159 261 1463 318 Athenienses
1476 265 1753 321 obtinebat:

84 365 199 401 cum
224 362 312 397 nec
340 343 454 396 alibi
480 336 793 393 Polemarchi
816 343 1015 397 munus,
1053 335 1231 388 eodem
1257 351 1309 390 ut
1331 339 1466 409 apud
1489 339 1754 393 Athenien-

88 421 155 473 ses
181 418 334 472 modo
359 413 792 472 administraretur;
843 427 899 463 ac
928 409 1149 480 pluribus
1174 411 1222 462 in
1248 412 1368 464 locis
1389 411 1543 466 solum
1570 415 1756 469 bellum

88 494 341 567 speffliret:
381 489 521 562 quod
543 486 764 558 &ipsum
780 501 958 536 nomen
974 485 1170 537 indicat.

163 571 231 620 At
254 583 365 638 quae
379 564 518 616 nobis
533 575 688 614 totam
709 577 808 611 rem
836 557 1079 611 conficere
1093 559 1316 612 videntur
1332 596 1346 621 ,
1382 559 1488 614 sunt
1513 561 1758 634 sequentia

89 641 253 696 Suidae
276 639 420 693 verba
446 669 463 702 ,-
503 654 614 709 quae
641 635 764 687 clare
787 632 1049 686 ostendunt
1064 634 1270 687 AEtolos
1299 635 1383 688 fibi
1409 635 1519 689 suos
1545 637 1758 691 habuisse

89 712 443 770 Polemarchos
470 749 485 775 ,
527 728 582 762 ac
618 708 818 780 quidem
841 725 954 760 cum
981 725 1179 760 munere
1202 707 1308 761 satis
1343 710 1593 783 singulari.'
1688 715 1762 766 lta

88 791 216 844 enim
248 790 326 841 ille
354 808 364 839 :
411 784 730 857 Πολεμρρὲρχοι.
756 779 780 847 ἣ
803 782 926 850 οἰρχη“
966 783 1175 852 συνέβοᾳνε
1197 782 1348 838 κλείειν
1379 784 1533 846 πόλεις
1557 827 1574 847 ‚
1605 787 1675 853 κρῆ
1698 787 1760 842 viv

87 861 249 939 μεῖξιξδ
274 860 432 929 χξένον
456 858 676 924 nvesdlw
701 864 732 913 Ξῖ
761 856 987 926 maestam,
1037 863 1072 931 g
1095 861 1257 929 mcaoflg
1285 858 1326 907 π’
1358 861 1474 913 καθ’
1505 859 1667 931 η’μέρριν
1694 859 1763 922 τὴν

89 937 247 991 δίαιταν
274 936 357 992 ‘9327‘
375 940 406 990 ²1²
439 933 622 988 πυλᾶνων
644 937 726 1000 παῤ
750 934 964 993 Ἀιζγλοῖς.
1033 932 1349 984 ᾙθίθηῐανσῖθί
1378 937 1758 1004 (Magistratus

89 1023 230 1072 erat,
268 1025 474 1081 quorum
498 1025 680 1059 munus
707 1017 814 1058 erat
839 1005 1063 1059 claudere
1080 1018 1290 1076 portas,
1331 1019 1481 1079 atque
1507 1007 1592 1078 fsto
1605 1010 1764 1061 inter-

91 1081 245 1138 medio
283 1095 493 1152 tempore
512 1080 719 1149 servare
747 1080 918 1133 claves
939 1116 957 1142 ‚
1005 1096 1064 1132 ac
1089 1092 1303 1151 tempore
1327 1078 1502 1134 diurno
1527 1083 1763 1136 vzft'z‘tare

91 1159 348 1227 adportas
366 1191 381 1215 ,
422 1153 555 1224 apud
561 1152 828 1214 QAEtolos.
1335 1218 1338 1221 Ι

164 1232 303 1285 Cum
328 1242 489 1281 autem
516 1245 594 1278 me
610 1228 712 1296 jam
738 1226 887 1280 finem
914 1227 1033 1280 huic
1061 1226 1446 1299 digreffiunculae
1473 1269 1495 1291 ,
1533 1227 1671 1299 super
1694 1228 1764 1281 in-

91 1304 349 1376 scriptione
385 1301 543 1354 modo
583 1300 750 1363 allata,
791 1301 1069 1373 imposuisse
1093 1302 1336 1355 crederem
1364 1339 1379 1364 ,
1419 1303 1570 1355 incidi
1608 1303 1655 1354 in
1698 1304 1768 1355 in-

90 1378 401 1449 scriptionem
417 1417 435 1438 ,
475 1394 585 1447 quae
608 1375 741 1445 apud
760 1375 1037 1428 Reinefium
1054 1412 1070 1438 ‚
1095 1375 1256 1428 Classe
1285 1376 1440 1446 prima
1475 1387 1528 1427 n0
1553 1394 1652 1444 241
1681 1375 1770 1429 ha-

92 1454 261 1514 betur-3
298 1455 345 1502 ὃ(
363 1467 473 1520 quae
497 1467 595 1500 non
610 1485 625 1510 ‚
668 1462 721 1499 ut
737 1465 861 1518 puto
885 1450 1056 1501 eadem
1072 1486 1089 1512 ,
1126 1449 1206 1501 sed
1219 1450 1361 1519 plane
1378 1449 1580 1513 similiS,
1613 1468 1669 1502 ae
1691 1450 1766 1504 su-

91 1543 177 1595 per
189 1525 357 1575 eadem
375 1539 451 1584 re,
487 1522 602 1574 licet
616 1521 714 1573 alio
729 1522 842 1574 loco
858 1523 958 1594 (uti
979 1523 1207 1593 exempla
1221 1523 1430 1585 docent,
1468 1524 1579 1577 talia
1603 1527 1772 1597 saepius

88 1593 382 1669 contigisse)
432 1595 657 1646 dedicata
679 1592 811 1661 fuit,
851 1613 907 1647 ac
944 1595 1100 1666 posita
1113 1622 1129 1657 3
1179 1614 1355 1668 nempe
1377 1635 1392 1660 ‚
1443 1598 1562 1651 ficut
1599 1597 1769 1652 harum

89 1690 182 1723 una
205 1673 252 1723 in
275 1669 455 1739 oppidi
473 1669 672 1720 ssaeotiae
687 1667 918 1721 Lebadiae
935 1710 956 1732 ,
994 1669 1159 1722 diruto
1191 1673 1399 1742 templo,
1427 1673 1571 1724 altera
1597 1673 1644 1724 in
1660 1675 1769 1748 Cy-·

91 1745 304 1797 cladibus
318 1780 334 1805 ,
373 1756 558 1813 reperta
581 1740 706 1803 fuit,
742 1742 806 1794 ita
828 1743 936 1795 haec
961 1745 1011 1796 in
1041 1744 1284 1816 Apollinis
1307 1746 1498 1816 templo
1511 1746 1573 1798 ad
1599 1749 1769 1807 urbem

93 1818 439 1889 Delphorum:
492 1833 548 1868 ac
573 1815 778 1888 quidem
802 1852 817 1878 ‚
859 1830 914 1869 ut
935 1817 1022 1870 ista
1055 1819 1122 1870 ita
1145 1854 1162 1880 ,
1204 1821 1275 1871 uti
1309 1820 1443 1892 apud
1482 1821 1768 1875 Reinefium

95 1892 293 2017 lcilabetur
320 1932 340 1954 ,
395 1891 477 1944 hic
510 1908 717 1963 quoque
766 1906 1028 1963 reponatur
1077 1892 1199 1945 mihi
1241 1912 1404 1965 operae
1443 1897 1655 1966 partium
1690 1898 1767 1951 vi-

133 1980 238 2018 etur
265 1985 275 2017 :

1541 2656 1774 2697 ΘΕΟῙΕ
