2139 3100
581 114 814 169 SACRI
858 113 1392 170 TAunonorAt.
1734 122 1829 195 163

144 224 313 261 curam
337 215 572 277 gerunto.
650 204 714 258 In
749 203 834 257 his
861 202 887 254 o*
915 203 1037 256 bone
1077 202 1328 274 Ulpiane,
1379 199 1650 270 fiisbitare
1679 216 1826 273 potes

144 299 252 354 quae
272 281 369 349 fint
394 279 495 332 tllae
511 277 746 349 foeminae
772 278 1081 348 πρωτοπέσας,
1157 280 1339 331 Verum
1364 278 1423 331 de
1438 277 1679 348 parasitis
1699 297 1828 332 nunc

143 356 279 409 nobis
307 353 475 418 fermo.
553 353 617 406 In
644 354 872 405 Anoceio
909 354 1144 406 columnae
1180 353 1375 405 cuidam
1411 351 1503 405 hoc
1527 351 1825 421 inscriptum

144 431 357 501 legitur:
397 426 450 479 E
476 426 625 479 bobus
639 428 910 497 praecipuis
923 461 939 487 ‚
979 431 1135 478 tertia
1158 425 1291 478 ludis
1313 426 1617 479 celebrandis
1639 438 1826 497 impen-

143 506 296 556 datur
311 532 330 566 ‚·
369 519 395 554 e
419 499 608 554 duabus
632 500 836 573 relzquis
859 500 1020 553 altera
1043 500 1299 552 tribuatur
1327 497 1623 562 Sacerdoti,
1664 510 1826 554 altera

143 573 414 640 Parafitis.
491 574 673 626 Crates
684 574 809 627 libro
824 573 1034 642 fecundo
1046 576 1379 645 proprietatis
1396 575 1571 628 Attici
1578 574 1827 641 sermonis

143 654 221 705 ait
235 673 251 704 .·
290 647 552 712 Parasitus
583 666 718 701 nunc
731 648 858 719 sane
883 666 985 701 rem
1009 646 1207 718 foedam
1245 648 1307 706 (ὢν
1341 646 1647 718 inhonestam
1670 647 1826 719 figni-

129 725 294 794 ficat,
336 722 453 774 olim
478 739 600 776 vero
622 721 690 790 fic
711 722 1025 776 vocabantur
1050 740 1172 794 quos
1194 721 1488 794 colligendis
1509 722 1668 790 sacris
1694 721 1823 791 frit:

141 800 327 853 mentis
351 796 614 868 eligebant.
688 796 1038 862 Parafitorunz
1062 815 1255 870 quoque
1281 796 1574 868 (collegium
1602 792 1697 866 ἄν)
1734 815 1820 848 cu-

140 875 221 926 ria
244 870 472 942 quadam
495 882 617 924 erat.
692 869 874 942 ltaque
901 875 954 923 in
975 888 1107 942 regis
1134 871 1323 942 ligibus
1346 870 1440 922 hoc
1455 870 1703 943 scriptum
1726 871 1790 933 esl
1806 892 1822 924 .·

139 945 275 1017 Regi
300 961 427 998 curae
437 943 540 1011 fit,
578 956 637 998 ut
673 944 992 1017 magistratus
1011 957 1267 1007 creentur,
1315 943 1452 1019 (five
1479 943 1761 997 Archontes
1779 944 1823 1015 z)

139 1032 293 1093 utque
312 1016 449 1084 ficut
490 1019 680 1088 legibus
706 1031 907 1073 cautum
939 1019 1032 1087 est,
1082 1037 1110 1073 e
1147 1021 1377 1073 tribubus
1406 1017 1607 1089 parastti
1634 1017 1822 1089 eligan-

138 1105 259 1147 tur:
311 1105 464 1166 utque
485 1090 541 1143 hi
555 1093 770 1163 parastti
792 1112 856 1146 ex
886 1092 1112 1148 Bucolia.
1155 1092 1246 1165 [de
1268 1112 1366 1165 qua
1389 1092 1504 1145 alibi
1523 1092 1714 1164 aliquid
1740 1092 1818 1145 di-

139 1166 292 1239 citur]
317 1167 648 1239 unusquisqne
679 1182 770 1238 pro
790 1168 893 1236 fita
929 1181 1073 1239 parte
1083 1204 1098 1230 ‚
1139 1167 1312 1222 hordei
1337 1168 1570 1236 st’xtaria
1592 1167 1819 1238 seligant

140 1253 200 1294 ut
221 1242 337 1294 inde
357 1243 526 1309 patrio
551 1259 680 1295 more
704 1244 746 1295 ii
774 1244 863 1315 qui
886 1259 1007 1295 vere
1032 1241 1372 1312 Athenienses
1392 1243 1512 1310 sunt
1537 1241 1816 1312 epulentur:

140 1332 205 1366 ex
239 1314 441 1367 collecta
479 1332 601 1367 vero
646 1314 820 1369 hordei
867 1333 1058 1389 quoque
1088 1316 1374 1383 fhxt'artutn
1419 1312 1818 1381 Acharnenfium

138 1386 365 1456 Parasiti
382 1388 636 1458 prebeant
665 1389 897 1460 Apollini
933 1394 988 1442 in
1026 1391 1072 1443 C
1083 1391 1137 1444 U
1145 1387 1235 1440 Rl
1247 1393 1303 1442 A
1314 1389 1386 1444 M
1422 1388 1582 1461 [five‚
1619 1402 1672 1440 ut
1705 1387 1813 1439 Da-

135 1460 466 1531 lechampiuS,
499 1462 574 1514 ad
594 1461 780 1531 priscos
811 1463 1059 1530 epulorum
1084 1461 1147 1518 ό*
1169 1464 1432 1529 filtrorum
1465 1460 1642 1524 ritus]
1720 1464 1818 1515 Cu-

135 1538 266 1587 riam
291 1547 458 1587 autem
476 1532 905 1608 parafitisfitisse,
943 1535 1000 1584 in
1026 1533 1196 1585 eadem
1198 1532 1277 1600 fic
1298 1534 1401 1605 lege
1410 1528 1659 1602 scribitur
1672 1558 1688 1588 .·
1729 1536 1824 1588 Ad
1874 1576 1878 1579 -

134 1606 509 1673 instaurandum
549 1603 1013 1676 resarciendumque
1061 1615 1215 1658 vetus
1249 1606 1519 1677 templum,
1575 1607 1638 1664 ὠ*
1671 1607 1721 1659 Ρ
1738 1610 1815 1659 Λ-

132 1679 190 1735 R
202 1681 260 1733 A
270 1678 310 1731 S
320 1679 357 1731 I
367 1678 422 1731 T
426 1679 456 1728 l
471 1678 528 1730 U
532 1678 608 1731 M
617 1713 634 1739 ‚
671 1677 791 1747 (seu
820 1676 1160 1748 parafitorum
1195 1676 1425 1750 curiam)
1450 1693 1649 1734 tantum
1669 1695 1818 1752 pecu-

134 1756 232 1806 niae
265 1753 410 1807 detur
431 1787 448 1813 ‚
508 1753 711 1824 quantd
740 1748 1047 1822 faciundum
1091 1767 1212 1825 opus
1241 1754 1524 1809 locaverint
1565 1754 1817 1821 stzcrorunz

131 1826 449 1894 aedtficiorum
483 1824 853 1892 instauratores.
942 1825 1087 1880 Hinc
1131 1825 1446 1897 manifestum
1497 1827 1565 1896 esz‘
1612 1826 1817 1898 Porafi-

132 1904 262 1955 tium
296 1899 480 1956 dib‘t'um
500 1898 658 1971 fuiſje
689 1901 849 1953 locum
885 1899 1034 1971 istum
1068 1905 1123 1953 in
1144 1919 1239 1973 quo
1274 1903 1535 1971 primitias
1552 1899 1816 1971 frumenti

129 1975 261 2043 [acri
284 1975 609 2029 recondebant
635 1972 897 2043 Parasiti.'
955 1973 1151 2028 Eadem
1175 1972 1330 2044 refert
1358 1972 1424 2033 ὥσ
1450 1973 1809 2038 Philochorus,

135 2052 194 2103 in
215 2065 353 2122 opere
369 2053 449 2104 cui
472 2049 658 2104 titulus
683 2047 961 2121 Tetrapolis
973 2077 992 2111 ,-
1032 2067 1110 2101 eos
1137 2049 1415 2117 recensens,
1454 2053 1542 2123 qui
1565 2053 1619 2102 in
1641 2049 1815 2103 Para-

123 2121 338 2190 fitorum
359 2123 601 2178 Herculis
633 2138 815 2179 coetum
840 2125 1057 2194 cooptati
1076 2122 1310 2193 fuerant.
1384 2121 1531 2185 Sicut
1557 2121 1619 2181 ὠ
1645 2126 1814 2179 eadem

137 2199 298 2252 tradat
334 2202 549 2255 comicus
582 2198 841 2254 Diodorus
882 2196 1166 2269 Sinopensts
1189 2232 1205 2259 ,
1258 2203 1310 2251 in
1345 2197 1578 2270 Epiclero
1602 2221 1617 2252 :
1667 2201 1813 2271 cujus

140 2269 462 2338 testimonium
493 2270 638 2344 infrci
679 2274 856 2330 citab0.
945 2271 1268 2343 Aristoteles,
1317 2272 1374 2326 in
1410 2273 1815 2341 Alethonenstum

139 2345 386 2413 republica
399 2383 414 2408 ‚
453 2348 688 2422 parafitos
700 2350 824 2404 a'uos
829 2347 1013 2419 scribit
1029 2345 1590 2422 Archontibusfingulis
1602 2348 1815 2419 assigna-

142 2428 224 2471 tos
232 2417 418 2489 fuisse,
455 2421 803 2479 Polemarchis
816 2442 939 2478 vero
953 2441 1107 2478 unum
1120 2453 1140 2488 ,-
1177 2421 1816 2496 ecgfbue&apilcator1bus,

150 2490 215 2550 ὠ
228 2492 291 2547 ab
304 2494 424 2546 aliis
439 2508 621 2551 certum
633 2517 691 2552 ac
695 2499 1033 2575 prestitutum
1044 2496 1276 2571 accepiffe
1287 2496 1550 2567 obsonium.
1570 2496 1818 2552 Videmus

140 2565 228 2621 hic
252 2567 399 2641 igitur
421 2586 566 2642 aeque
590 2574 846 2646 Apollinis
875 2572 1150 2705 ngafitos
1175 2589 1328 2648 quam
1347 2573 1600 2655 Herculis.
1705 2646 1762 2700 H
1795 2624 1798 2627 .

1031 2667 1057 2703 2
1767 2663 1824 2701 os
