2139 3100
300 153 371 206 66
582 145 682 199 De
741 143 1079 197 ORIGINE
1145 154 1234 195 Ac
1297 139 1644 199 R1‘r113us

449 242 611 316 Teque
632 239 770 293 domo
788 236 961 308 patria
983 234 1172 304 piitam
1197 250 1309 290 cum
1322 234 1698 307 fafiw'bas‘ante
1711 273 1728 300 ,

454 317 520 371 N
522 332 613 369 unc
639 328 831 386 qaoque
862 325 973 362 carn
984 306 1127 379 fistro
1138 307 1336 380 faciem
1354 324 1562 384 portare
1586 318 1839 366 caninam.

381 464 617 536 Nempe,
654 459 687 511 Γι
724 475 828 511 rem
869 457 994 510 bene
1029 457 1176 530 capio
1186 498 1206 526 ‚
1245 459 1345 514 hoc
1380 460 1487 515 vult
1527 460 1854 524 Prudentius,
1895 479 1996 514 non

303 540 433 594 solos
457 539 678 591 homiues
699 534 947 605 privatos,
984 551 1155 587 verum
1177 536 1350 605 etiam,
1386 538 1474 610 qui
1501 537 1601 610 jam
1628 537 1778 590 effent
1808 538 2000 590 summa

303 616 543 686 dignitate
575 626 728 683 atque
759 608 1077 673 auetoritatffi
1113 613 1262 664 etiam
1299 613 1428 665 circa
1454 612 1602 665 Sacra
1619 630 1640 670 ;
1690 611 1883 684 quique
1915 612 2001 664 ad-

304 709 366 743 eo
380 691 485 759 jam
524 686 721 740 Summi
762 682 1056 737 Sacerdotes
1079 702 1136 737 ac
1173 686 1461 756 Pontifices
1497 687 1676 750 essent,
1713 686 2003 758 hujusmodi

300 764 682 832 consecrationes
720 758 958 830 accepisse
984 793 1001 820 ,
1061 777 1118 812 ac
1151 761 1509 816 tauroboliatos
1535 761 1651 815 tales
1682 762 1847 816 sordes
1886 779 2002 815 vere

301 838 594 891 execrandas
628 833 886 888 admififfe.
938 834 1078 900 sicutv
1106 839 1158 888 ὃς
1193 837 1529 890 Tertullianus
1571 836 1627 890 id
1674 838 1739 891 de
1780 835 2005 891 Consule

300 915 585 976 Romane,
620 910 736 983 post
762 907 1126 973 Consulatum,
1163 910 1314 980 Istaco
1329 912 1479 983 fatto
1504 909 1739 966 ostendit.

380 988 579 1062 Utique
603 986 656 1039 id
686 1000 822 1059 patet
847 1003 925 1056 ex*
941 985 1183 1057 exemplis
1207 987 1392 1039 caeteris
1416 986 1579 1040 modo
1604 987 1758 1040 allatis
1782 987 2005 1041 virorum

302 1078 581 1116 tantorum:
621 1061 685 1115 de
708 1061 890 1135 quibus
915 1061 1118 1113 minime
1141 1061 1299 1134 liquet
1323 1061 1465 1124 illos,
1515 1076 1571 1115 ut
1596 1061 1713 1115 inde
1736 1060 2011 1115 Pontifices

303 1138 477 1192 fierent
511 1138 566 1191 id
597 1137 805 1201 feciffe,
839 1154 1011 1190 verum
1045 1140 1101 1191 in
1139 1137 1582 1209 Regeneratlon'em
1604 1136 1875 1209 Mysticam
1898 1171 1914 1198 ,
1955 1137 2007 1189 in

302 1215 719 1285 regenerationem
762 1212 1000 1268 aternam
1017 1242 1037 1276 5
1086 1227 1242 1285 utque
1277 1215 1472 1289 viginti
1496 1212 1686 1282 sttltem
1718 1226 1809 1284 per
1844 1229 2010 1265 annos

286 1288 365 1356 stc
392 1289 567 1346 mundi
585 1300 964 1363 permanerent:
1004 1286 1201 1353 donee,
1236 1287 1371 1343 idern
1401 1286 1529 1342 illud
1560 1285 1747 1340 sacrum
1785 1285 1857 1359 (si
1883 1299 2009 1339 tam-

302 1363 392 1416 diu
416 1361 815 1435 superviverent)
843 1364 1087 1416 iterarent.

382 1439 513 1506 Quis
548 1453 712 1490 autem
749 1454 836 1508 per
863 1437 1113 1491 somnium
1146 1439 1366 1511 cogitare
1399 1452 1577 1512 queat,
1627 1438 1771 1501 illos,
1818 1437 1911 1509 qui
1946 1452 2012 1489 ex

303 1524 461 1572 voto,
501 1528 562 1563 ex
600 1510 751 1578 vzfh,
785 1523 878 1579 pro
895 1510 1074 1575 salute
1106 1514 1351 1572 aliorum,
1389 1529 1477 1580 pro
1509 1519 1590 1564 itu
1623 1529 1684 1563 ac
1718 1513 1884 1565 reditu
1924 1511 2015 1561 ali-

306 1587 442 1654 cujus
467 1583 498 1655 ζ
501 1583 664 1654 qualia
684 1581 915 1652 exempla
938 1580 1106 1634 adhuc
1128 1580 1254 1633 infra
1276 1585 1565 1653 occurrent)
1605 1583 1979 1636 Taurobolium
1998 1618 2017 1646 ,

304 1672 611 1730 acciperent,
651 1655 769 1710 inde
806 1655 1036 1709 Summos
1078 1655 1405 1719 Sacerdotes,
1460 1670 1545 1710 aut
1580 1655 1887 1726 Pontt'fices,
1926 1673 2011 1708 ne-

305 1736 428 1787 dum
455 1730 735 1800 Pontifices
765 1730 1031 1785 Maximos
1063 1727 1203 1784 fuisse
1237 1728 1430 1784 faetos?
1468 1733 1646 1801 Quum
1684 1745 1917 1801 praeterea
1940 1732 2012 1784 vi-

303 1809 507 1860 deamus
543 1808 677 1877 apud
711 1805 839 1859 solos
876 1804 1239 1858 Laecoratenses
1287 1806 1464 1877 (prout
1509 1825 1573 1860 ex
1610 1803 2011 1877 inscriptionibus

305 1883 442 1954 apud
480 1878 613 1951 ipsos
662 1882 860 1953 repertis
882 1919 899 1946 ‚
951 1883 1003 1931 &
1041 1879 1334 1934 adhucdum
1386 1883 1584 1956 reliquis
1617 1881 1782 1953 patet)
1831 1880 2011 1935 iisdem

312 1970 441 2039 Coss.
490 1967 740 2024 Gordiano
782 1967 905 2038 Imp.
941 1969 1022 2022 ΙΙ
1058 1968 1111 2017 &
1149 1962 1466 2038 Pompejano
1490 2004 1508 2030 ,
1572 1964 1856 2037 eodemque
1898 1965 2012 2030 die,

306 2063 488 2115 nempe
521 2044 627 2098 VI.
666 2041 744 2096 Id.
772 2041 894 2094 Dec.
919 2039 1208 2116 quindecim
1252 2058 1496 2107 numero,
1540 2060 1656 2095 cum
1695 2041 1854 2104 virOS,
1900 2054 2011 2095 tum

311 2119 546 2175 foeminas
573 2117 864 2173 Taurobolio
887 2117 986 2171 hoc
1017 2115 1150 2169 sacro
1172 2115 1393 2171 initiatos
1417 2115 1495 2173 seu
1511 2116 1816 2171 consecratos
1841 2113 2013 2180 fuisse,

314 2197 423 2266 quis
449 2208 613 2246 autem
648 2191 746 2244 sani
771 2193 945 2261 capitis
972 2192 1138 2246 credat
1169 2189 1263 2244 hos
1292 2209 1465 2247 omnes
1498 2194 1567 2247 ita
1599 2191 1742 2246 fimul
1774 2189 2013 2245 Summos

309 2270 632 2331 Sacerdotes,
671 2280 755 2319 aut
779 2267 1066 2338 ‘Pontifices
1087 2282 1175 2339 per
1205 2264 1624 2322 consecrationem
1661 2266 1808 2320 talem
1850 2263 2012 2320 fastos

312 2343 483 2397 fuiffe?

383 2419 715 2490 Praeterquam
753 2417 896 2490 quod
950 2417 1095 2489 plane
1141 2415 1286 2470 nobis
1322 2417 1553 2488 ignotum
1593 2417 1692 2481 fit,
1739 2414 2006 2488 quomodo

312 2493 669 2554 Taurobolini,
705 2491 785 2546 seu
822 2492 1141 2555 Sacerdotes,
1180 2505 1262 2544 aut
1287 2490 1472 2545 Duces
1499 2491 1709 2563 M‘yslici
1734 2491 1881 2561 hujus
1914 2488 2007 2542 Sa-

308 2573 384 2621 cri
400 2567 680 2622 Taurobolii
693 2604 708 2629 ,
748 2567 890 2621 elesti
917 2585 974 2621 ac
995 2568 1142 2621 creati
1156 2565 1335 2620 fuerint
1354 2585 1376 2626 ,·
1405 2585 1548 2640 aeque
1572 2583 1724 2642 atque
1745 2564 1921 2638 quibus
1946 2562 2007 2616 ri-

311 2643 436 2697 tibus
461 2662 517 2697 ac
544 2643 848 2700 caeremoniis
886 2642 1076 2700 Patres
1106 2642 1472 2700 Hierocoraces
1506 2643 1692 2717 aliique
1729 2638 2009 2714 Antistites

1944 2727 2004 2764 ac
