2139 3100
589 156 812 211 SACRI
852 151 1352 205 TAURoBoLu.
1716 167 1813 204 121

124 250 235 326 ipso
259 248 452 306 Consul
475 246 594 301 fuit:
634 247 699 300 ita
723 259 776 298 ut
791 244 844 298 id
865 243 990 297 hisce
1012 242 1152 295 simul
1179 241 1318 296 Coff.
1341 238 1531 294 factum
1559 257 1659 292 non
1687 237 1818 303 fuit,

126 326 443 400 quantumvis
479 336 613 394 patre
642 322 993 375 Valentiniano
1031 316 1177 389 (ficut
1201 335 1264 371 ex
1299 317 1460 388 capite
1487 313 1812 385 inscriptionis

131 402 258 455 clare
286 397 449 473 patet)
477 397 639 450 adhuc
662 397 855 449 vivente
876 411 931 446 ac
954 392 1092 445 fimul
1112 394 1215 461 jam
1238 410 1350 445 curn
1376 392 1623 445 Gratiano
1649 391 1810 460 impe-

129 491 285 530 rante:
324 491 472 548 quare
494 471 589 532 ibi,
625 471 674 522 in
699 469 858 539 capite
893 468 1219 537 inicriptionis
1253 466 1375 519 illud
1408 464 1546 519 Coss.
1573 464 1690 517 addi
1719 465 1811 516 mi-

130 551 266 604 nime
291 547 485 621 potest,
525 559 608 597 aut
631 544 761 597 istud
787 543 877 596 suis
899 544 949 595 in
974 541 1112 596 Coss.
1143 542 1336 598 mutari.

204 625 465 684 Praeterea,
511 621 740 693 quamvis
776 617 900 690 saepe
937 619 984 669 in
1019 618 1123 669 aliis
1173 612 1460 686 hujusmodi
1494 612 1813 666 dedicationi-

136 700 257 761 bus,
287 700 388 768 jam
401 697 568 767 supra,
604 695 869 748 viderimus
886 693 990 746 haec
1008 690 1396 745 V1.1D.Dnt3.
1437 706 1542 760 quo
1559 687 1731 741 mensis
1757 707 1814 740 ac

133 774 235 827 dies
266 772 564 833 indicantur;
603 770 672 821 ibi
709 769 881 822 Conff.
919 768 1272 838 adjunguntur:
1312 764 1457 837 quod
1495 763 1576 815 hic
1611 763 1816 815 minime

134 848 216 902 fit:
255 864 443 918 neque,
470 858 617 917 prout
637 843 868 915 lapisipse
882 843 1019 896 nobis
1032 840 1422 913 repraesentatur,
1463 852 1653 890 tantum
1680 835 1822 909 spatii

136 921 280 991 (licet
303 922 518 975 maxime
552 920 634 972 ille
669 919 752 970 hic
789 921 956 981 injuria
996 931 1279 987 temporum
1319 928 1576 985 corruptus
1612 931 1818 985 quoque

139 996 289 1066 esset)
340 1011 394 1047 ut
427 1009 505 1047 tot
541 995 689 1046 literae
723 991 934 1045 infarciri
972 991 1170 1062 possint.
1251 990 1413 1059 Quod
1450 989 1598 1061 longe
1633 986 1818 1040 facilius

134 1070 240 1125 fieri
265 1069 424 1140 posset
442 1112 460 1131 ,
480 1068 515 1120 fi
542 1066 802 1120 statuamus
829 1086 920 1137 pro
947 1068 991 1120 V
1008 1067 1048 1119 Ι.
1095 1064 1126 1138 ζ
1130 1066 1270 1137 quod
1290 1064 1404 1117 alias
1427 1063 1511 1115 hic
1536 1063 1820 1134 maleirrep-

137 1145 241 1199 sisse
264 1142 488 1214 videtur)
513 1160 694 1197 vocem
723 1142 772 1196 V
789 1144 812 1194 1
832 1142 877 1193 V
897 1141 948 1194 U
966 1143 996 1194 5
1024 1141 1355 1211 reponendam
1376 1138 1498 1201 effe3
1539 1155 1747 1209 eamque
1769 1140 1819 1190 in

141 1237 388 1273 marmore
403 1218 526 1270 olim
541 1217 702 1269 adhuc
715 1217 907 1288 integro
928 1215 1147 1269 extitill‘e.
1190 1215 1334 1268 Licet
1348 1219 1397 1267 &
1412 1214 1475 1266 sic
1495 1210 1526 1284 ζ
1529 1227 1675 1284 prout
1701 1213 1822 1283 lapis

143 1294 227 1348 ille
252 1293 392 1345 nobis
419 1310 548 1344 nunc
561 1288 947 1361 repraesentatur)
978 1309 1075 1343 non
1100 1289 1204 1343 satis
1229 1289 1366 1360 spatii
1388 1289 1458 1342 fit.
1536 1289 1703 1352 Quare
1729 1306 1820 1358 po-

143 1369 241 1420 tius
274 1366 564 1419 crediderim
612 1367 734 1418 illud
760 1365 808 1419 V
833 1368 870 1418 Ι.
934 1366 1203 1419 abbreviate
1239 1382 1334 1435 vpro
1366 1363 1520 1418 VIV
1538 1363 1589 1415 U
1610 1363 1642 1414 S
1684 1359 1825 1415 fuisse

145 1441 388 1513 pofitum:
426 1459 583 1512 quum
609 1446 660 1494 &
685 1441 749 1493 sic
775 1439 980 1510 spatium
1015 1458 1107 1507 pro
1143 1439 1290 1489 literis
1328 1437 1413 1490 ista
1439 1437 1562 1490 linea
1595 1454 1824 1507 compre-

149 1514 305 1568 henfis
325 1512 431 1565 satis
465 1512 720 1584 augustum
749 1513 819 1564 fit.
893 1512 1049 1562 Porro
1070 1510 1346 1561 admodum
1385 1508 1664 1580 frequenter
1698 1511 1825 1563 illud

146 1588 196 1642 V
217 1586 308 1639 IV
328 1587 380 1637 U
396 1586 430 1636 S
470 1586 520 1638 in
547 1585 868 1637 marmoribus
902 1584 1142 1643 occurrit3
1178 1581 1299 1634 ficut
1322 1584 1428 1652 jam
1455 1582 1594 1653 supra
1619 1601 1681 1636 ex
1705 1584 1825 1637 dua-

145 1660 234 1713 bus
255 1657 671 1728 inscriptionibuS‚
699 1657 767 1708 ibi
781 1675 842 1709 ex
858 1670 992 1727 parte
1004 1655 1187 1717 allatis,
1230 1654 1444 1709 ostendi:
1479 1661 1725 1710 tum&ex
1739 1657 1826 1711 ista

143 1730 623 1806 quaeinfinebabet,
652 1730 1350 1785 TAUKOPOLIUM
1404 1732 1504 1785 SU
1527 1732 1662 1784 OM
1710 1733 1762 1787 V
1781 1735 1828 1786 1-

145 1807 240 1864 VI
283 1803 969 1860 CELEBRAVERU
992 1804 1138 1860 NT.
1213 1806 1375 1873 Quod
1407 1809 1623 1860 maxime
1646 1807 1727 1859 hic
1761 1808 1827 1860 ad

148 1900 252 1939 rem
274 1880 416 1934 nobis
449 1878 608 1933 facere
632 1881 842 1935 videtur.
917 1882 976 1934 In
1007 1880 1125 1941 ariS,
1166 1879 1355 1944 statuis,
1406 1898 1463 1933 ac
1494 1883 1827 1934 monumentis

148 1956 431 2012 dedicandis
465 1954 763 2011 faciendisve
795 1953 967 2027 saepius
999 1953 1362 2016 adscribebant,
1396 1955 1431 2009 fi
1455 1957 1546 2028 ipsi
1567 1957 1797 2010 homines
1815 1993 1832 2019 ,

152 2032 314 2087 adhuc
348 2040 398 2085 in
435 2030 590 2093 viviS,
625 2031 679 2084 id
704 2030 948 2095 facerent,
972 2031 1031 2100 fi?
1068 2030 1381 2101 vivefecit,
1422 2031 1502 2085 vel
1535 2032 1672 2086 dedit
1689 2062 1706 2095 ς
1748 2032 1831 2087 vel

155 2109 304 2163 etiam
327 2107 639 2180 simpliciter,
674 2108 736 2179 st·
762 2111 924 2169 vivo,
949 2105 1010 2176 fi’
1048 2106 1250 2164 vivm5
1289 2118 1437 2178 atque
1472 2107 1519 2159 in
1544 2106 1718 2178 plurali
1742 2127 1830 2161 nu-

159 2199 297 2237 mero
310 2183 371 2250 st'
407 2185 560 2245 vivi,
591 2182 648 2251 se
670 2201 826 2237 vtvos
844 2205 859 2236 .·
898 2195 1079 2252 atque,
1115 2179 1212 2233 five
1237 2197 1298 2234 ex
1324 2184 1613 2252 ponentium
1639 2182 1739 2236 five
1765 2200 1832 2237 ex

162 2257 503 2327 lapidariorum
525 2275 718 2320 errore,
743 2257 1047 2330 quandoque
1059 2254 1116 2324 [ὲ
1129 2256 1268 2310 bibus
1283 2292 1298 2319 ‚
1323 2256 1384 2325 se
1411 2258 1527 2312 vibi
1539 2300 1559 2321 ,
1587 2259 1645 2329 st'
1668 2259 1829 2312 vibes.

169 2332 240 2385 At
286 2333 533 2400 permultis
565 2351 772 2405 quoque
815 2330 929 2404 post
955 2346 1166 2384 mortem
1212 2328 1378 2384 statuae
1429 2347 1514 2386 aut
1547 2352 1640 2388 arae
1678 2352 1831 2404 pone-

166 2405 338 2458 bantur
371 2422 425 2456 ac
449 2407 806 2460 dedicabantur.
879 2411 959 2461 An
988 2425 1084 2459 non
1108 2418 1271 2459 autern
1293 2405 1388 2460 illae
1406 2450 1425 2471 ,
1471 2426 1584 2481 quae
1610 2408 1751 2462 faeta?
1776 2428 1834 2461 ac

165 2478 406 2533 dedicatae
459 2480 653 2535 fuerunt
716 2481 887 2537 Fabiae
944 2485 1149 2536 Aeoniae
1216 2481 1455 2538 Paulinae
1492 2521 1508 2546 ‚
1583 2485 1613 2556 ζ
1619 2482 1835 2556 quasque

171 2553 312 2625 supra
334 2551 547 2624 adduxi)
571 2555 681 2626 post
704 2574 915 2610 mortem
952 2556 1094 2629 ipsius
1133 2555 1371 2610 dedicatae
1401 2557 1604 2622 fuerint,
1650 2574 1703 2611 ut
1739 2579 1838 2613 non

172 2629 272 2699 jam
297 2625 378 2682 sed
402 2628 530 2684 olim
552 2633 925 2698 tauroboliatae,
965 2633 1140 2687 merito
1165 2621 1507 2703 quis‘dubitet.
1583 2635 1708 2689 Sane
1745 2653 1843 2708 ego

1003 2710 1063 2776 Q
1781 2713 1847 2768 ita
