2139 3100
550 151 1304 208 SACMTAURoBoLxx.
1697 167 1794 223 133

119 265 229 303 nes:
269 245 531 319 qualiaque
552 263 608 298 ac
634 258 814 316 quanta
839 242 1152 315 perpetienda
1174 242 1352 297 fuerint
1370 242 1491 305 illis,
1530 241 1618 314 qui
1637 240 1801 313 hujus-

123 323 263 378 modi
297 323 434 373 {acris
473 320 790 372 initiabantur.
865 317 1011 371 Plura
1042 318 1168 370 circa
1215 318 1498 388 hujusmodi
1531 320 1647 370 ritus
1696 318 1801 370 dari

124 396 344 470 pollent:
386 394 452 447 ast
477 394 587 456 illa,
621 412 730 465 quae
753 390 817 444 ad
851 392 1087 445 Eleusinia
1114 393 1253 444 Sacra
1275 395 1544 463 pertinent,
1577 393 1680 461 jam
1708 392 1798 445 du-

125 473 247 525 dum
271 469 534 540 occupavit
548 484 748 538 magnus
772 466 853 518 ille
869 466 1084 538 Joannes
1101 466 1341 520 Meurfius
1356 503 1371 529 ,
1411 467 1591 540 (quem
1617 466 1798 522 Lector

127 546 299 599 talium
325 560 487 596 amans
504 579 519 603 ,
557 556 611 594 ut
635 541 679 593 se
695 541 842 612 pleno
855 540 995 594 fonte
1019 543 1236 611 proluat,
1263 542 1396 594 adire
1418 539 1635 614 potestz)
1665 559 1720 594 ac
1735 543 1801 597 de

131 620 232 674 aliis
254 618 389 690 plura
412 616 655 669 adducere
678 615 761 669 hic
786 615 1182 686 intempestivum
1210 615 1341 670 esset.

201 693 359 760 Qlod
396 693 566 744 attinet
602 690 751 762 porr&
796 692 860 743 ad
899 691 1312 766 Regenerationes
1353 688 1490 742 hasce
1526 689 1804 760 Ilffystlcaec,

132 767 290 836 plures
310 764 547 835 ejusmodi
584 777 997 837 regenerationes,
1033 760 1164 828 sive,
1190 778 1244 816 ut
1277 764 1436 819 Graeci
1463 764 1567 816 illas
1589 766 1806 836 appella-

131 842 269 903 bant,
295 840 635 912 παλιγγενεσία,
652 876 667 901 ,
701 837 833 892 fuere
845 840 978 909 apud
995 837 1207 892 VetereS.
1249 839 1392 892 Idem
1406 839 1535 891 enim
1559 857 1579 890 1
1595 882 1606 894 .
1627 845 1676 891 in
1691 842 1804 894 Mt-

129 914 346 968 thrzaczs
373 916 524 967 Sacris
541 913 947 984 praetendebatur:
987 931 1099 985 quae
1126 913 1204 986 (ut
1220 915 1323 986 jam
1346 913 1636 968 subinitium
1660 914 1804 983 hujus

132 988 440 1051 Tractatum
478 1005 540 1041 ex
570 988 880 1041 Tertulliano
906 986 1124 1062 ostendi>
1153 1006 1250 1041 non
1275 987 1371 1041 sola
1385 1025 1402 1051 ,
1439 1006 1610 1042 verum
1630 992 1682 1041 &
1708 990 1807 1043 Pe-

132 1062 284 1135 lufia,
325 1066 376 1114 &
413 1062 766 1134 Apollinaria,
815 1062 863 1114 in
901 1064 1338 1135 regenerationem,
1388 1067 1439 1116 δε
1472 1065 1807 1135 expiationem

131 1136 456 1210 perjuriorum
466 1141 668 1204 suornm
696 1135 882 1189 ethnici
906 1136 1220 1200 celebrabant.

205 1213 287 1263 An
299 1223 462 1264 autem
486 1212 724 1273 majorum
746 1212 924 1265 virium
947 1208 1122 1263 fuerint
1139 1212 1214 1264 hae
1229 1211 1808 1286 Regenerationesatque

135 1282 484 1355 Expiationes‚
522 1285 640 1346 illis,
676 1304 788 1356 quae
813 1299 947 1339 extra
971 1300 1167 1355 portam
1193 1287 1450 1357 Capenam
1489 1287 1671 1340 fiebant
1699 1287 1807 1341 Ro-

136 1374 260 1420 mae,
298 1358 569 1412 confideret
594 1359 789 1413 Lector.
816 1359 1020 1428 Versus,
1046 1378 1172 1431 quos
1198 1361 1454 1414 Fastorum
1469 1361 1596 1413 libro
1626 1361 1695 1417 V.
1720 1381 1809 1415 no-

135 1429 207 1483 bis
230 1433 404 1486 cecinit
425 1435 487 1487 de
511 1432 596 1486 ista
620 1435 835 1489 Ovidius
849 1435 1024 1507 ,digni
1046 1435 1153 1487 sunt
1179 1436 1343 1499 certe,
1382 1451 1435 1489 ut
1449 1436 1533 1489 hic
1556 1436 1806 1509 legantur:

271 1578 368 1647 Est
390 1599 522 1652 aqna
535 1580 783 1634 Mercurii
801 1591 960 1652 portae
988 1579 1166 1635 vicina
1194 1581 1432 1653 Capenae:
1466 1633 1469 1637 .

353 1650 395 1704 S
395 1671 410 1702 t
434 1654 554 1708 libet
581 1656 797 1725 experti}
824 1655 1011 1708 credere
1033 1673 1212 1708 numen
1238 1655 1440 1711 habent.

275 1723 398 1778 Huc
423 1731 568 1778 venit
596 1727 848 1780 meinerus
870 1731 1072 1781 tunicas
1095 1742 1365 1794 mercator-5
1406 1730 1469 1789 &⁶
1498 1732 1628 1787 nrnci

344 1797 511 1853 Purus
524 1798 703 1870 fitffita
726 1818 878 1874 quam
885 1801 1064 1872 ferat,
1105 1801 1278 1857 haurit
1307 1824 1506 1877 aquarn.

275 1871 390 1927 Uda
402 1874 474 1944 fit
500 1874 621 1928 hinc
646 1876 848 1937 laurus,
887 1877 1024 1929 lauro
1042 1877 1338 1949 sparguntur
1363 1879 1426 1932 ab
1454 1881 1546 1934 udo

353 1948 539 2003 Omma
559 1967 667 2023 quae
693 1949 911 2003 dominos
922 1950 1051 2018 sitnt
1076 1950 1318 2006 habitura
1342 1970 1520 2007 novos.

279 2020 480 2095 Spargit
505 2021 567 2081 ἄν
591 2024 814 2096 ipsefitos
838 2024 979 2078 lauro
1003 2036 1202 2079 rorante
1230 2025 1436 2095 capillos
1453 2069 1475 2090 ,
1533 2065 1537 2070 ·

347 2097 424 2151 Et
441 2112 637 2172 peragit
653 2099 807 2169 solita
815 2098 1006 2169 fizllere
1028 2117 1151 2153 voce
1163 2114 1346 2169 preces.

278 2172 442 2226 Ablue
457 2180 706 2244 praeteriti
722 2176 948 2248 perjuria
977 2179 1212 2245 temporis
1237 2177 1435 2250 inquit:

352 2247 515 2300 Abla-‘e
534 2247 798 2319 praeterttci
822 2246 1006 2317 perfida
1031 2247 1187 2302 verba
1210 2255 1303 2302 die.

290 2315 413 2372 Sive
435 2339 519 2393 ego
555 2335 607 2376 te
619 2322 730 2394 feci
753 2323 917 2389 testem
935 2359 947 2377 ‚
973 2321 1184 2393 falsove
1203 2327 1372 2379 citavi

360 2392 477 2445 Non
504 2397 727 2451 audituri
751 2396 984 2451 Numina
1009 2415 1195 2469 inagna
1215 2398 1391 2468 Jovis.

293 2461 419 2518 Sive
440 2467 616 2523 Deum
638 2473 847 2543 prudens
876 2472 1033 2525 altum
1059 2471 1341 2527 Dzvamve
1351 2472 1525 2546 fefelli
1538 2508 1556 2544 ,-

366 2540 669 2606 Abstulerint
693 2547 872 2599 celeres
899 2545 1118 2618 improba
1142 2547 1298 2601 verba
1323 2548 1497 2606 Notis.

287 2611 367 2667 Et
384 2625 595 2686 pateant
621 2621 852 2680 veniente
874 2621 953 2677 dte
971 2621 1190 2692 perjuria
1217 2622 1388 2693 nebia·

954 2697 1005 2772 ‚R
1051 2712 1078 2768 3
1701 2703 1813 2764 Nec
