2139 3100
265 160 373 238 346
668 155 1182 210 D1ssr-:RTAT10
1221 145 1544 211 Quam-A

273 245 496 321 quodam
535 260 739 298 nummo
781 236 998 290 Sardiani
1029 233 1312 307 {impliciter
1347 234 1564 289 Neocori
1599 235 1862 305 dicuntur,
1900 241 1950 294 in

275 324 372 376 alio
388 311 791 374 Nicomedienses
816 312 889 363 lybs
912 306 1129 363 Neocon
1144 345 1159 372 ,
1205 328 1323 363 cum
1343 309 1540 363 duobus
1555 309 1785 382 Templis
1801 349 1816 374 ‚
1852 334 1954 368 uno

278 396 455 449 scilicet
486 386 776 446 Maximini,
813 383 963 436 altero
986 401 1103 438 vero
1119 385 1348 438 Maximi.
1419 383 1555 437 Sicut
1583 385 1696 437 hinc
1721 404 1960 459 quoque,

282 470 420 542 quod
457 465 592 536 hujus
638 456 823 512 illiusve
858 457 986 511 urbis
1026 457 1436 531 postulationibus
1477 460 1617 531 plura
1664 464 1961 531 pauciorave

281 538 685 596 concederentur3
731 546 879 604 atque
902 531 1009 585 haec
1041 533 1182 587 illave
1214 534 1322 586 urbs
1350 534 1655 606 quandoque
1677 538 1833 607 magis
1861 554 1965 588 am-

280 610 448 668 bitiosa
473 625 554 663 aut
584 608 839 679 potentior
862 606 1001 677 plura
1025 608 1102 661 vel
1130 609 1363 678 pauciora
1395 607 1482 662 fibi
1515 608 1794 680 postularet.
1872 611 1963 663 At-

281 705 383 761 que
407 686 471 736 ita
490 682 781 738 crediderim
817 681 863 743 ἶς’
890 680 1028 738 Κοινδν
1067 680 1317 739 Μοικεὲὄνων
1349 682 1410 740 dle
1442 682 1650 757 rewm'pge
1687 682 1859 747 fuisse,
1897 682 1968 735 se-

282 762 382 816 mel
407 759 700 819 Caracallae,
738 756 884 809 semel
912 756 1167 809 Plautillae.

348 835 400 889 Si
429 852 545 888 vero
570 833 788 904 cuipiam
827 832 1006 884 mirum
1033 831 1259 894 videtur,
1307 832 1455 885 etiam
1493 831 1735 907 Augustas
1775 834 1824 886 in
1857 833 1966 885 illo-

280 928 386 966 rum
419 926 677 962 numerum
702 903 914 970 censeri,
954 907 1133 979 quibus
1167 908 1394 978 vewmgf'oq
1420 907 1751 962 tribuebantur
1763 938 1778 972 3
1815 907 1971 961 confi-

284 988 487 1046 deretiS,
537 1002 637 1037 non
677 979 928 1054 Augustos
966 981 1124 1046 solos,
1161 984 1210 1035 in
1245 983 1460 1035 nummis
1497 995 1552 1034 ut
1589 981 1726 1035 Deos
1760 983 1971 1051 Serapim

285 1062 500 1114 aliumve
514 1073 864 1131 quemcunque
878 1093 892 1119 ,
914 1057 1131 1111 exhiberi
1145 1075 1339 1120 ‚verum
1353 1061 1404 1111 &
1420 1055 1657 1130 Augustas
1673 1092 1689 1118 ‚
1705 1055 1789 1109 sub
1801 1057 1939 1120 mdis
1954 1092 1972 1118 ‚

287 1136 510 1197 Dianae,
548 1133 770 1205 Junonbs
797 1132 1094 1206 aliarumque
1121 1132 1319 1193 habitu,
1357 1130 1563 1204 Illasque
1575 1133 1624 1184 in
1650 1129 1975 1204 inscriptioni-

287 1210 376 1263 bus
410 1209 578 1261 audire
605 1208 818 1262 Novam
858 1206 1082 1261 Cererem
1111 1207 1383 1262 Vestamve
1412 1207 1664 1270 Matrem,
1694 1210 1791 1260 δῖε.
1829 1222 1970 1280 aeque

289 1299 437 1356 atque
457 1282 711 1337 Caracalla
736 1287 787 1335 &
811 1283 942 1336 Geta
969 1283 1018 1335 in
1045 1284 1259 1336 nummis
1300 1303 1339 1337 N
1360 1301 1389 1335 E
1414 1301 1449 1336 o
1474 1301 1495 1335 1
1546 1300 1586 1334 H
1605 1301 1639 1336 A
1657 1303 1676 1337 1
1695 1301 1730 1335 o
1751 1302 1770 1336 1
1793 1310 1808 1347 ·,
1855 1281 1980 1354 quin

290 1361 439 1413 etiam
473 1373 527 1412 ut
557 1358 672 1411 tales
697 1376 813 1411 cum
849 1375 1014 1410 earum
1055 1358 1235 1411 maritis
1275 1356 1402 1411 facie
1436 1356 1641 1411 obversa
1676 1358 1724 1410 in
1763 1355 1979 1410 nummis

292 1431 535 1505 conspici:
579 1433 795 1503 denique
835 1430 980 1504 (ficut
999 1434 1105 1502 jam
1129 1431 1300 1504 saepius
1333 1434 1562 1504 exempla
1587 1432 1820 1502 exhibui)
1863 1428 1984 1502 ipsa·

294 1526 400 1560 rum
431 1506 644 1559 nummis
669 1522 847 1557 vocem
873 1504 1080 1574 vewno'pwv
1107 1505 1421 1576 insculptam:
1461 1507 1604 1576 quod
1631 1506 1699 1557 ob
1726 1523 1844 1576 quas
1868 1504 1983 1554 alias

296 1580 484 1642 causas,
532 1596 682 1652 quam
717 1577 858 1650 quod
880 1579 997 1629 tales
1019 1578 1187 1638 urbe5‚
1228 1579 1278 1629 in
1303 1595 1511 1649 quarum
1540 1579 1755 1630 nummis
1783 1577 1880 1628 istae
1913 1575 1978 1628 fic

294 1669 619 1728 comparent,
656 1652 862 1724 ipsarum
885 1650 1123 1704 Neocorae
1149 1650 1331 1711 effent,
1367 1651 1664 1722 contigerit,
1715 1650 1858 1721 plane
1880 1666 1981 1701 non

297 1731 462 1784 video,
538 1728 616 1782 De
640 1726 834 1781 Tiberii
868 1725 1034 1778 Matre
1074 1723 1165 1797 (ne
1192 1723 1282 1777 alia
1313 1723 1544 1795 afferam)
1580 1723 1629 1776 id
1662 1723 1770 1776 sane
1802 1722 1983 1795 perspi-

301 1822 452 1859 cuum
471 1802 578 1856 satis
602 1802 695 1856 esse
717 1815 873 1872 put03
910 1801 983 1852 uti
1008 1803 1059 1852 &
1080 1799 1216 1852 certo
1247 1798 1422 1851 certius
1444 1798 1508 1849 de
1531 1797 1706 1852 Roma
1732 1802 1848 1852 Dea.

379 1879 497 1933 Nec
522 1878 754 1930 ullatenus
779 1873 1106 1928 dubitandum
1132 1886 1258 1944 puto
1277 1873 1340 1926 de
1367 1877 1689 1933 (Mammam
1714 1872 1984 1927 Alexandri

304 1951 469 2006 Severi
498 1967 676 2016 matre;
716 1963 771 2003 ut
805 1968 918 2022 quae
942 1966 1042 2001 non
1070 1962 1258 2001 tantum
1284 1943 1381 2000 una
1405 1964 1519 2000 cum
1544 1947 1649 2018 ipso
1685 1950 1734 2000 in
1773 1947 1986 2000 nummis

307 2041 468 2090 extat3
507 2027 589 2079 sed
613 2027 678 2080 de
693 2043 790 2097 qua
802 2026 949 2077 etiam
965 2022 1302 2095 Lampridius:
1341 2023 1407 2075 In
1423 2034 1634 2075 matrem
1661 2022 1986 2076 Mammaeam

308 2100 446 2155 ¹unice?
464 2104 582 2171 pim
606 2099 755 2170 fuit3
794 2111 871 2153 tta
895 2111 954 2153 ut
981 2097 1150 2152 Romae
1171 2099 1226 2152 in
1246 2098 1436 2169 palatio
1458 2095 1658 2168 faceret
1692 2097 1871 2150 diaetas
1899 2115 1988 2151 no-

306 2177 456 2228 minas
483 2173 764 2227 Mammaeae
780 2190 800 2231 ;
840 2173 1032 2244 puellas
1060 2170 1122 2230 ὠ
1141 2185 1344 2244 pueros,
1382 2171 1789 2242 quemadmodum
1820 2172 1988 2225 Anto-

311 2252 483 2302 ninus,
507 2244 860 2319 Faustinianas·
895 2248 1179 2318 instttuerat
1205 2287 1226 2309 ,
1287 2244 1663 2299 Mammaeanas
1700 2244 1764 2303 (J
1812 2245 1991 2299 Mam-

312 2340 524 2376 maeanos
547 2320 775 2394 instituit.
853 2321 1045 2377 Verum
1070 2321 1173 2374 h-aec
1197 2320 1539 2374 eruditioribus
1575 2319 1681 2373 satis
1713 2333 1829 2372 nota
1854 2319 1985 2371 lunt:

311 2415 460 2468 quare
488 2396 800 2450 deveniamus
822 2396 885 2450 ad
909 2393 1217 2451 Gordianum
1233 2394 1394 2448 ‘Pium
1409 2421 1425 2456 3
1461 2395 1549 2465 qui
1571 2396 1619 2447 in
1646 2395 1859 2448 nummis
1886 2410 1989 2446 non

311 2481 500 2524 tantum
525 2488 619 2523 una
643 2488 755 2524 cum
779 2471 944 2544 Serapi
969 2467 1166 2524 obversa
1186 2467 1311 2521 facie
1333 2483 1560 2540 apparet,
1599 2487 1770 2524 verum
1794 2472 1847 2521 δε
1871 2483 1987 2520 cum

311 2545 685 2618 Tranquillina;
723 2548 901 2620 cuique
934 2563 1032 2599 non
1061 2557 1249 2597 tantum
1277 2544 1523 2616 Cyziceni
1557 2561 1614 2597 ac
1639 2542 1855 2598 Sardiani
1879 2539 1991 2592 fim-

316 2619 432 2689 plici
455 2622 562 2675 vice
589 2619 799 2679 Neocori
827 2620 1051 2679 videntur
1073 2617 1238 2684 fuisse,
1274 2618 1451 2692 (prout
1477 2637 1541 2674 ex
1577 2632 1891 2675 nummorum
1918 2615 1993 2666 in-

1843 2687 1990 2760 scrip-.-
