2139 3100
550 148 783 202 SAcR1
828 144 1334 200 TAUROBOLH.
1724 146 1790 202 87

99 242 427 319 quagesimum
456 242 567 314 jam
601 238 980 313 praeteriissent,
1029 237 1091 295 dy
1118 241 1203 313 qui
1222 254 1407 310 genere
1445 238 1567 290 aliis
1585 239 1788 309 praesta-

99 334 242 382 rent,
284 317 343 376 ὠ·
367 320 566 371 virtute
590 313 742 384 effent
767 312 1001 386 infignw,
1041 309 1103 370 &⁶
1127 316 1319 382 censum
1330 309 1671 382 sufficientem
1694 315 1788 368 ha-

104 395 307 454 berent,
357 390 419 450 &⁴
453 403 642 462 corpore
666 386 813 458 effent
838 404 1045 461 integro.
1124 384 1232 439 His
1257 400 1421 441 autem
1453 405 1555 440 non
1589 388 1659 442 ad
1692 409 1796 442 cer-

104 480 217 523 tum
255 465 464 539 aliquod
494 476 719 536 tempus,
755 461 853 526 sed
890 461 1129 535 quamdiu
1167 463 1408 515 viverent
1446 460 1539 515 hos
1576 461 1793 517 honores

107 541 362 611 conceffit,
400 536 568 611 eosque
595 538 800 592 militiae
838 537 895 590 ob
932 548 1164 597 ceratem,
1204 533 1266 593 &¹
1303 537 1608 608 negotiorum
1648 540 1795 594 urba-

109 633 282 670 norum
307 614 363 667 ob
391 614 568 685 legem,
608 616 860 667 immunes
877 610 1028 682 fecit.
1106 613 1184 664 Ac
1216 608 1509 681 interpositis
1551 614 1796 667 nonnullis

107 689 171 742 de
210 687 502 742 Sacerdotiis
537 687 818 740 mulieribus
849 685 1120 749 attributis,
1173 685 1238 737 ita
1269 685 1446 758 pergit.
1531 683 1790 742 Praeterea

90 762 240 836 juffit
264 781 328 815 ex
350 780 647 837 unaquaque
659 762 797 816 tribu
810 772 984 815 vatem
1012 777 1167 814 unum
1179 758 1346 829 sacris
1369 759 1594 830 interesse
1609 803 1629 823 ,
1653 781 1797 834 quem

108 856 199 891 nos
225 838 449 911 tepom‘mv
478 855 754 891 vocamus:
794 834 886 908 ipſs
903 853 1026 888 vero
1060 835 1309 896 Romani,
1361 837 1543 906 exigua
1572 837 1800 908 quaedam

105 911 273 986 priscae
293 914 711 967 denominationis
744 910 960 982 vestigia
983 913 1259 964 retinentes
1273 945 1290 971 ‚
1331 909 1618 981 Aruspicem
1641 908 1814 984 appel-'

110 986 237 1039 lant.
314 987 504 1039 Omnes
529 997 700 1038 autem
733 983 1050 1045 Sacerdotes,
1090 982 1152 1041 d?
1178 983 1375 1037 deorum
1411 983 1657 1053 ministros
1698 987 1805 1060 lege

115 1060 225 1113 lata
252 1060 395 1132 juffit
422 1078 454 1111 a
476 1060 633 1112 curiis
657 1059 777 1131 eligi
791 1093 806 1120 ,
861 1057 921 1115 &⁴
947 1056 1228 1129 confirmari
1257 1057 1320 1111 ab
1345 1057 1454 1111 illis
1494 1061 1583 1132 qui
1606 1060 1803 1115 deorum

115 1133 439 1187 voluntatem
462 1147 547 1205 per
572 1135 831 1188 vaticinia
856 1135 1269 1202 interpretantur.
1347 1131 1546 1205 Hisque
1570 1135 1805 1206 constitn-

117 1210 190 1262 tis
222 1226 330 1279 quae
373 1209 443 1262 ad
474 1208 710 1261 divinum
747 1206 940 1260 cultum
965 1210 1223 1279 pertinent
1248 1242 1263 1268 ‚
1315 1206 1514 1273 rursus,
1568 1222 1624 1262 ut
1661 1210 1804 1274 dcxi,

120 1281 276 1333 valde
298 1281 509 1351 oppostte
533 1280 714 1350 divifft
739 1280 898 1333 Sacra
920 1285 1097 1334 curiis:
1138 1280 1384 1352 assignans
1423 1280 1632 1353 fingulis
1656 1284 1808 1340 Deos

120 1369 182 1404 ac
208 1351 419 1415 Genios,
459 1373 584 1427 quos
609 1353 842 1427 perpetui)
874 1356 1024 1409 colere
1046 1355 1307 1409 deberent:
1354 1353 1418 1413 ὠ*
1446 1369 1634 1410 certam
1669 1374 1813 1430 pecu-

122 1427 256 1477 niam
278 1427 589 1499 adsumptus
613 1432 668 1481 in
688 1428 845 1481 Sacra
858 1428 1131 1498 faciendos
1155 1429 1410 1495 constituit
1423 1467 1439 1492 ,
1476 1450 1585 1500 qnae
1608 1432 1722 1503 ipsis
1745 1453 1810 1487 ex

119 1500 296 1551 aerario
328 1500 545 1554 daretur.
621 1500 702 1553 Et
731 1502 897 1553 Curiae
920 1519 1033 1552 cum
1054 1501 1402 1565 sticerdotibus
1421 1503 1683 1571 sacrificia
1708 1508 1809 1572 fibi

118 1571 370 1624 attributa
377 1572 673 1643 faciebant,
715 1571 779 1630 ὠ
803 1571 904 1626 una*
932 1573 1263 1643 epulabantur
1283 1574 1454 1628 diebus
1473 1575 1627 1647 festis
1654 1583 1710 1632 in
1725 1602 1809 1636 cu-

118 1643 238 1698 riali
260 1644 415 1698 domo.
456 1645 782 1699 Coenaculum
800 1648 936 1699 enim
940 1645 1162 1718 fingulis
1173 1651 1328 1701 curiis
1342 1661 1452 1702 erat
1479 1651 1780 1719 exstrufium
1794 1695 1808 1719 ‚

120 1716 183 1778 &a
199 1730 383 1789 praeter
406 1719 467 1773 id
489 1718 770 1787 consecrata
793 1732 903 1774 erat
930 1720 1158 1792 quaedam
1182 1722 1271 1795 (ut
1296 1723 1437 1795 apud
1458 1725 1653 1781 Graecos
1675 1729 1810 1800 Pry-

121 1794 304 1866 tanea)
330 1795 501 1848 domus
527 1797 803 1848 communis
827 1796 1049 1849 omnibus
1080 1803 1266 1850 curiis:
1314 1797 1517 1870 ipsaque
1552 1809 1810 1859 caenacula

121 1870 269 1921 curiae
308 1869 646 1930 vocabantur,
699 1865 762 1927 ὠ·
799 1869 874 1924 ad
903 1869 1041 1923 hanc
1077 1870 1230 1943 usque
1268 1882 1473 1926 aetatem
1524 1877 1603 1929 ita
1646 1882 1811 1951 appel-

126 1942 312 1996 lantur.

194 2016 309 2070 Hos
341 2031 504 2071 autem
540 2018 780 2072 Curiones
818 2017 958 2072 suum
998 2020 1223 2091 primum
1260 2020 1526 2076 Curionem
1565 2024 1813 2095 habuisse,

128 2107 216 2144 nos
254 2110 456 2166 quoque
490 2093 640 2147 docet
679 2095 887 2157 Livius·,
924 2099 1039 2166 qui,
1088 2093 1298 2148 Decadis
1331 2097 1483 2151 tertiae
1516 2099 1642 2154 libro
1671 2103 1812 2160 VH,

130 2164 222 2227 ita,
254 2167 317 2218 de
339 2168 454 2237 illo,
491 2185 578 2240 per
601 2168 944 2231 occafionem‚
986 2170 1231 2241 loquitur:
1273 2171 1417 2224 Inter
1446 2177 1694 2246 majorum
1734 2200 1809 2234 re·

134 2256 241 2291 rum
273 2258 414 2298 curas
438 2245 643 2298 comitia
677 2243 1043 2298 MAXIM!
1085 2243 1562 2313 CURIONIS‚
1604 2271 1716 2306 cum
1755 2262 1811 2309 in

136 2310 294 2366 locum
316 2315 395 2370 M.
420 2317 683 2388 QAEmylii
709 2317 951 2374 Sacerdos
965 2331 1238 2382 crearetur,
1278 2333 1432 2376 vetus
1454 2330 1815 2386 excitaverunt

134 2397 379 2443 certamen
398 2427 414 2453 ,
469 2393 694 2463 patribus
740 2396 1037 2468 negantibus
1080 2394 1139 2446 C.
1180 2395 1406 2451 Manilii
1438 2401 1631 2454 Attelii
1654 2442 1676 2462 ,
1725 2409 1816 2478 qm·

135 2477 270 2513 unns
295 2479 355 2515 ex
370 2465 499 2537 plebe
510 2469 715 2538 petebat
728 2505 744 2531 ‚
785 2468 1062 2523 habendam
1089 2471 1336 2524 rationem
1375 2472 1464 2541 effe
1475 2504 1492 2537 ,-
1533 2479 1652 2545 quia
1677 2495 1818 2532 nemo

137 2546 259 2586 ante
283 2554 416 2599 eum,
455 2539 551 2605 nist
566 2559 628 2594 ex
641 2546 905 2614 patribus,
944 2543 1002 2597 id
1023 2542 1367 2600 Sacerdotium
1401 2546 1666 2617 habugsset.
1706 2553 1760 2606 T
1751 2573 1819 2606 rt-

135 2607 255 2662 buni
289 2612 530 2684 appellati
555 2649 573 2676 ,
637 2618 709 2672 ad
740 2618 984 2676 Senatum
1034 2620 1324 2693 rejecerunt.
1399 2618 1616 2677 Senatus
1649 2629 1820 2697 populo

1679 2715 1819 2773 pote-
