2139 3100
389 145 518 206 AD
586 139 1244 200 CLARISSIMUM
1296 138 1592 199 VIRUM

146 309 978 403 ANTONIUM
1057 337 1217 396 van
1291 308 1374 396 D
1410 307 1828 407 ALEN,

471 483 697 544 QUUM
763 480 1246 532 SELECTIORES
1302 479 1480 528 SUAS

303 612 1664 696 DISSE‘RTATIONES

420 781 514 837 Ad
533 781 847 851 illustranda,
882 783 1189 857 potiſjimum
1234 750 1544 842 (M'armora

766 859 1006 933 Antiqua
1041 858 1213 913 ederet.

146 1072 152 1083 =
184 1085 186 1092 .
341 1040 380 1096 ’,Ὺ
404 1041 449 1096 Α
465 1041 510 1094 L
525 1043 566 1096 E
584 1044 637 1099 N
654 1046 679 1099 I
690 1063 868 1119 ,quem
881 1046 1025 1101 Sacra
1041 1044 1164 1098 mihi
1180 1044 1464 1098 communia
1476 1043 1706 1114 jungunt,

152 1131 186 1188 ,fd
364 1120 374 1146 ³
477 1120 542 1172 Et
567 1138 666 1173 non
691 1119 861 1174 fucato
885 1121 1088 1194 pestore
1111 1132 1248 1172 natus
1273 1137 1410 1172 amor
1422 1147 1439 1181 3

169 1210 186 1260 ei
220 1257 222 1259 ,
284 1206 355 1261 ,g
376 1197 384 1208 ·“
403 1195 570 1264 Qem
589 1197 730 1266 juvat
753 1197 969 1269 antiquae
994 1208 1316 1248 monumenta
1337 1191 1578 1265 inquirere
1607 1190 1790 1243 Romae
1810 1226 1830 1250 ,

218 1270 521 1337 Ruderaque
548 1269 576 1319 ὲ
600 1270 806 1323 tenebris
832 1271 1004 1323 tollere
1026 1268 1179 1339 prisca
1202 1267 1294 1320 suis
1307 1296 1322 1330 3

152 1343 259 1409 Qui
283 1341 579 1395 Pandionias
606 1341 716 1411 post
739 1343 836 1394 fata
861 1342 1099 1414 resurgere
1127 1342 1377 1404 AthenaS,

222 1414 287 1467 Et
309 1413 427 1467 facis
452 1415 500 1466 in
521 1413 645 1466 seros
668 1432 847 1468 nomen
875 1417 1048 1470 habere
1071 1416 1172 1468 dies
1185 1445 1218 1477 ‚r

150 1487 346 1560 Ergone
370 1488 437 1540 nil
464 1487 588 1539 saecli
608 1489 803 1557 genius,
839 1492 919 1540 cui
942 1506 1138 1538 munera
1161 1487 1384 1548 sordent,

219 1563 349 1629 Qae
372 1559 595 1630 superant
621 1559 743 1612 vires
763 1578 863 1612 non
885 1559 1153 1622 imitanda,
1195 1558 1296 1611 suas
1312 1595 1327 1622 ,

150 1634 248 1690 Nil
274 1649 388 1687 aetas
411 1648 459 1686 te
479 1632 627 1704 longa
647 1630 783 1686 sacris
807 1631 1021 1706 impensa
1041 1633 1287 1688 Minervae

223 1709 484 1762 Permovet
515 1720 566 1760 ut
589 1704 759 1762 studiis
780 1709 880 1761 otia
904 1708 1022 1761 liber
1053 1717 1198 1781 agas?

154 1784 358 1857 Ingenio
383 1795 566 1836 metam
592 1780 659 1834 fic
682 1783 811 1837 nulla
837 1782 1068 1855 repagula
1090 1783 1273 1855 figunt.

223 1859 370 1912 Mens
392 1873 474 1911 tua
497 1854 732 1928 despesto
755 1857 902 1930 surgit
923 1858 987 1910 ad
1009 1857 1126 1910 astra
1146 1856 1268 1911 solo.

152 1932 272 1986 Una
291 1933 392 1986 dies
421 1932 572 1986 finem
600 1929 769 1986 studiis
791 1934 1016 2004 imponet
1038 1937 1088 1986 &
1111 1933 1262 1985 annis,

114 2013 121 2021 '
228 2008 283 2062 O
298 2044 314 2071 ,
355 2009 535 2062 Veniat
558 2005 696 2060 lentis
719 2006 931 2079 passibus
958 2005 1040 2059 ille
1066 2008 1198 2061 dies!

159 2082 324 2150 Quam
347 2081 471 2135 mihi
492 2098 622 2134 nunc
647 2082 856 2147 clarent,
892 2100 1004 2155 quae
1029 2080 1157 2135 solos
1173 2081 1364 2137 Graecia
1388 2076 1580 2152 Mystas

225 2157 481 2211 Sacrorum
506 2155 663 2210 voluit
685 2155 891 2212 subdola
912 2156 1046 2210 nosse
1069 2156 1200 2211 suos!

161 2229 296 2284 Tuta
319 2230 621 2303 Pelasgiadas
646 2232 724 2285 via
746 2250 825 2285 me
850 2231 1055 2285 deducit
1078 2233 1143 2286 ad
1167 2230 1325 2285 urbes,

232 2307 435 2360 Arcanas
463 2305 612 2360 video
633 2325 753 2378 quas
774 2321 903 2360 tenet
922 2306 1091 2361 Hellas
1105 2345 1121 2370 ,
1156 2323 1305 2378 opeS,

167 2377 539 2453 Amphietyonii
563 2378 746 2435 scrutor
777 2382 988 2435 Decreta
1011 2381 1229 2435 Senatus.

239 2453 406 2519 Quam
423 2454 529 2508 sunt
550 2456 657 2509 haec
680 2458 843 2511 animo
865 2458 1030 2529 pervia
1052 2454 1180 2511 facta
1203 2473 1316 2509 meo
1335 2471 1344 2509 ε

166 2526 249 2579 Te
274 2528 429 2590 duce,
465 2529 570 2583 DA
587 2533 630 2584 L
647 2531 685 2583 E
701 2530 757 2585 N
779 2534 830 2594 1,
869 2550 1020 2605 quem
1047 2531 1242 2586 mundo
1267 2530 1438 2601 scripta
1463 2529 1753 2603 probarunt,

239 2601 502 2673 Carpimus
536 2603 600 2676 (ὁ
624 2622 817 2660 mecum
845 2609 1027 2682 carpite
1054 2605 1292 2718 qtssisqssle)
1327 2607 1471 2662 viam.
1688 2676 1747 2733 N

1105 2707 1112 2718 ,
1141 2683 1176 2719 >ie
1753 2695 1845 2731 unc
