2139 3100
450 173 1402 235 DEGYMNASIARGH15‚&C.
1675 176 1780 242 617

88 282 420 332 revertamur,
458 289 484 322 a
508 271 689 342 quibus
713 273 811 338 jam
837 268 1027 322 tamdiu
1044 302 1060 328 ‚
1098 272 1145 321 ὅ(
1165 262 1321 318 forsan
1346 282 1446 318 non
1476 264 1635 319 inutili
1658 284 1781 338 ope-

88 364 167 406 ra,
195 345 462 416 *divagatus
493 350 610 397 (um.

154 419 314 472 -Circa
341 418 703 490 inscriptionem
732 421 895 489 itaque
917 417 980 468 de
1005 433 1106 487 qua
1142 432 1268 468 nunc
1297 413 1544 486 praecipue
1567 416 1677 488 egi,
1716 434 1774 469 ae

91 495 226 562 cujus
253 493 542 554 occasione,
582 495 645 545 ad
672 492 911 564 Mysteria
933 492 1256 542 aberraveram
1276 525 1289 549 ,
1333 488 1496 541 adhuc
1532 489 1653 542 illud
1679 490 1773 543 n'o·

93 568 295 619 tandum
323 565 462 618 restat
479 611 492 634 ,
528 569 667 620 binos
683 566 987 637 quandoque
1025 564 1106 633 (ut
1130 562 1358 634 videtur)
1399 560 1537 614 simul
1561 565 1774 617 mensur-

95 659 185 693 nos
210 641 319 693 illos
356 638 493 692 fuifl'e
525 639 966 707 Gymnafiarchas.
1047 639 1120 691 Ita
1145 641 1279 690 enim
1320 637 1389 690 ibi
1425 636 1547 690 linea
1574 639 1775 693 undeci-

95 732 173 767 ma
197 714 450 786 reperitur:

276 862 732 900 ΣΚΙΡΟΦΟΡῘΩΝΑ
809 861 1011 899 ΑΝΘΟΣ
1083 860 1196 896 ΚΑΙ
1265 859 1596 899 IJANKAPHE

557 967 842 1005 ΟΙΑΝΘΟΥ
931 966 1307 1004 ΛΑΜΠἸῬΕΙΣ

173 1083 276 1143 Hi,
320 1100 523 1153 nempe,
563 1083 772 1136 Anthos
805 1085 855 1134 Sc
893 1081 1159 1136 ‘Pancares
1197 1095 1280 1134 aut
1319 1080 1493 1145 simul,
1534 1079 1634 1136 sive
1673 1099 1774 1133 uno

99 1160 382 1229 eodemque
415 1156 601 1215 mense,
641 1155 901 1222 Gymnasto
925 1153 1223 1227 praefuerunt
1240 1187 1258 1221 ,-
1302 1170 1412 1218 aut,
1449 1153 1592 1227 quod
1616 1153 1774 1208 forsan

101 1233 255 1284 verius
272 1269 288 1296 ,
332 1249 451 1284 unus
478 1232 587 1302 post
614 1231 817 1283 alterum
836 1271 854 1293 ,
895 1231 1029 1301 prior
1054 1229 1235 1283 scilicet
1265 1230 1512 1283 ordinario
1538 1229 1695 1284 modo
1716 1246 1774 1281 ac

98 1321 322 1376 tempore
350 1306 563 1368 ele&u5,
606 1304 843 1375 posterior
867 1322 987 1358 vero
1012 1307 1060 1356 in
1087 1304 1257 1357 locum
1282 1304 1455 1375 prioris
1491 1303 1517 1373 <
1522 1303 1603 1357 vel
1630 1301 1774 1375 quod

98 1381 177 1431 ille
203 1381 303 1431 vita
328 1379 521 1433 funetus
544 1378 687 1441 ess'et,
715 1380 788 1432 vel
813 1378 1087 1449 reipublicae
1102 1377 1238 1432 causa
1262 1376 1466 1450 praesens
1493 1376 1650 1430 adesse
1674 1395 1774 1429 non

99 1454 283 1524 possen
329 1455 405 1508 vel
430 1454 571 1525 quod
609 1454 656 1505 in
683 1469 814 1505 reatu
842 1453 985 1515 esset,
1023 1453 1102 1506 vel
1137 1455 1205 1506 ob
1243 1453 1387 1506 aliam
1420 1468 1774 1522 quamcunque

98 1529 301 1579 demum
335 1527 562 1597 causam)
610 1526 852 1581 suffestuS.
926 1529 1063 1580 Sicut
1097 1530 1220 1581 &in
1249 1524 1554 1580 Consulibus
1583 1525 1774 1577 Rorna-

100 1602 171 1652 nis
198 1601 321 1670 saepe
344 1601 512 1652 locum
537 1600 733 1652 habuit:
773 1602 999 1671 quamvis
1023 1602 1089 1653 ibi
1116 1617 1232 1654 tunc
1259 1618 1380 1653 unus
1396 1614 1586 1652 tanturn
1604 1600 1651 1651 in
1676 1597 1720 1650 F
1724 1617 1774 1651 a·

100 1672 175 1727 stis
216 1676 427 1746 (nempe
454 1674 491 1725 is
513 1674 599 1743 qui
625 1672 873 1725 ordinario
900 1688 1124 1745 tempore
1152 1675 1332 1727 elefiius
1359 1671 1548 1745 fuerat)
1588 1691 1772 1727 nomen

98 1749 383 1800 obtinuerit:
430 1747 513 1800 hic
543 1764 659 1800 vero
685 1748 859 1801 contri
886 1747 991 1801 duo
1021 1749 1198 1812 fimul,
1242 1749 1357 1802 licet
1380 1749 1495 1801 alias
1521 1764 1646 1801 unus
1669 1761 1772 1801 tan-

104 1837 209 1874 tum
235 1840 289 1874 ac
323 1822 478 1883 solus,
530 1840 632 1874 uno
668 1822 948 1893 eodemque
983 1837 1208 1894 tempore
1233 1823 1332 1876 hoc
1357 1841 1532 1876 munus
1565 1822 1774 1876 admini-

103 1896 276 1949 straret.
353 1897 542 1949 Verum
571 1897 676 1949 haec
699 1912 752 1948 ut
778 1897 899 1949 mihi
920 1897 1006 1967 ipsi
1022 1898 1173 1951 dubia
1195 1912 1343 1969 atque
1364 1899 1543 1951 incerta
1558 1934 1574 1960 ‚
1611 1897 1773 1952 erudi-

100 1971 319 2031 tiorum,
358 1971 509 2043 (ficut
536 1975 586 2025 ὃς
613 1971 779 2024 omnia
801 1974 935 2043 mea)
970 1971 1163 2041 judicio
1187 1971 1437 2025 submitto.

182 2045 378 2100 Interim
403 2046 526 2098 duos
550 2046 770 2117 pluresve
799 2045 1086 2098 Archontes
1111 2047 1251 2100 simul
1274 2049 1319 2099 in
1346 2046 1624 2119 eodemque
1648 2064 1771 2102 mar-

107 2135 271 2179 more,
308 2134 388 2171 aut
401 2137 605 2173 nummo
619 2157 634 2183 ,
671 2121 1038 2191 compare,iam
1053 2119 1193 2192 supra
1209 2157 1223 2184 ,
1245 2138 1354 2193 pag.
1377 2141 1401 2175 2
1417 2139 1512 2191 24,
1536 2122 1769 2180 vidimus,

106 2197 176 2246 At
200 2192 371 2244 multas
399 2196 689 2248 mutationes
713 2212 827 2248 cum
857 2195 982 2246 circa
1007 2195 1146 2258 talia,
1179 2203 1349 2252 tum&
1376 2198 1500 2249 circa
1533 2195 1623 2248 alia
1650 2196 1773 2249 Res-

108 2266 326 2337 pubiicas
361 2284 417 2318 ac
453 2268 688 2333 Civitates
717 2269 866 2341 passas
905 2270 1042 2322 fuisse
1081 2269 1216 2342 lapsu
1255 2284 1572 2342 temporum,
1610 2268 1772 2323 aliisve

107 2339 439 2393 occasionibus
456 2378 471 2404 ,
508 2341 714 2397 leffione
739 2358 953 2396 veterum
976 2342 1264 2416 scriptorum
1287 2346 1483 2399 abunde
1504 2342 1773 2397 innotescit.

113 2416 194 2468 Sic
219 2431 460 2484 namque,
501 2419 571 2469 uti
606 2417 903 2490 Respublica
932 2418 1161 2472 Romana
1199 2420 1389 2482 multiS‚
1430 2424 1480 2472 &
1504 2420 1629 2470 circa
1653 2419 1778 2489 regi.

114 2507 226 2542 men
257 2489 516 2556 politicum
533 2526 548 2551 ,
585 2495 633 2544 &
656 2494 781 2545 circa
806 2510 1003 2545 munera
1025 2492 1151 2547 sacra
1176 2496 1341 2548 multis
1357 2492 1779 2547 immutationibus

116 2562 325 2634 subjeffli
350 2561 442 2614 fuit
478 2562 503 2634 (
510 2564 630 2618 ficut
657 2564 744 2619 soli
767 2568 822 2619 X
839 2567 907 2622 V.
936 2568 1028 2622 viri
1052 2569 1206 2623 Sacris
1232 2568 1465 2624 faciendis
1502 2565 1692 2618 abunde
1713 2568 1781 2620 sa-

117 2638 176 2694 tis
200 2636 466 2692 ostendunt
493 2666 508 2701 3
567 2653 622 2691 ut
657 2641 744 2713 qui
770 2642 983 2711 primum
1009 2643 1114 2696 duo
1152 2662 1384 2705 numem,
1435 2639 1547 2714 post
1581 2640 1788 2705 decem,

972 2716 1083 2769 Iiii
1680 2717 1792 2789 post
