2139 3100
289 183 387 223 122
637 159 735 213 DE
777 148 1635 210 OR1G1NEACR1T113U5.

289 259 355 310 ira
381 251 709 307 existimarim.
789 248 955 315 Atque
982 241 1114 294 idem
1145 238 1210 292 de
1232 241 1402 294 Vettio
1430 241 1618 313 Agorio
1642 238 1972 298 Praetextato

293 329 598 384 credendum
625 337 821 396 putem:
859 318 971 379 cui,
993 315 1094 368 sive
1120 315 1169 366 in
1185 315 1319 385 cujus
1335 316 1625 368 memoriam
1652 329 1801 387 atque
1815 316 1973 370 hono-

297 419 426 467 rem,
468 407 562 456 Ara
586 412 791 470 quoque
823 390 980 462 posita
1005 409 1060 443 ac
1086 389 1311 443 dedicata
1346 388 1470 453 fuit,
1507 409 1608 443 non
1645 404 1701 443 ut
1721 392 1826 462 jam
1865 411 1975 445 mo-

299 481 400 541 ἀό,
439 476 518 528 sed
548 490 600 525 ut
625 471 774 527 olim,
817 480 900 517 aut
925 465 1117 519 dudum
1145 465 1512 521 Tauroboliatoe

375 550 534 620 Qiod
555 560 714 598 autem
737 540 871 594 istud
900 540 1092 614 Cejonii
1117 541 1245 613 Rufi
1267 540 1632 594 Taurobolium
1661 540 1851 595 fassum
1876 537 1989 593 fue-v

298 628 359 681 rit
418 628 611 677 vivente
648 617 811 669 adhuc
862 616 1215 671 Valentiniano
1264 616 1431 687 primo
1453 656 1470 681 ,
1523 618 1764 671 Gratiani
1816 630 1983 687 patre,

300 695 615 774 quantumvis
641 690 893 764 postremo
915 691 1109 762 imperii
1131 709 1288 754 anno,
1324 710 1380 744 ac
1406 693 1608 765 quando
1636 693 1735 761 jam
1770 690 1982 743 Gratia-

300 794 394 830 nus
430 772 491 824 ab
526 768 633 840 ipso
665 769 712 820 in
750 767 1022 838 Imperium
1060 764 1230 819 ascitus
1253 804 1268 829 ,
1322 766 1676 839 Augustusque
1707 766 1987 838 appellatus

300 863 427 911 erat3
467 863 528 898 ex
555 843 704 916 ipsius
729 844 984 896 marmoris
1015 841 1178 912 capite
1200 841 1330 896 clare
1356 857 1490 912 patet
1513 863 1524 894 :
1570 842 1690 894 sicut
1715 846 1767 894 &
1792 841 1983 894 Conse-

298 924 564 978 crationem
587 917 767 974 fastam
783 955 799 981 ,
828 935 945 971 cum
964 920 1065 987 jam
1082 915 1471 970 Valentinianus
1496 916 1677 987 Junior
1693 916 1833 968 simul
1864 932 1983 968 cum

301 998 487 1053 Flavio
523 995 766 1049 Neoterio
796 1012 854 1046 ac
877 992 1083 1067 quidem
1111 991 1268 1045 1111.
1300 990 1378 1043 seu
1402 989 1667 1063 quartum)
1695 989 1886 1043 Consul
1910 987 1984 1041 es-

297 1072 405 1136 set3
466 1071 519 1124 id
554 1068 622 1122 est
660 1069 784 1124 XV
812 1070 1004 1122 circiter
1042 1083 1197 1120 annos
1232 1065 1344 1138 post
1381 1079 1596 1120 mortem
1633 1060 1990 1118 Valentiniani

297 1152 478 1219 primi:
518 1164 574 1200 ac
610 1145 819 1218 quidem
858 1145 1020 1198 eodem
1046 1143 1152 1205 die,
1194 1143 1472 1216 iisdemque
1494 1139 1827 1209 Consulibus,
1877 1137 1991 1209 qui-

298 1223 389 1275 bus
418 1222 612 1276 Lucius
651 1222 920 1295 Ragonius
956 1218 1050 1283 (de
1085 1219 1225 1289 cujus
1264 1216 1561 1277 Taurobolto
1599 1217 1704 1288 jam
1743 1214 1888 1285 supra
1923 1229 1989 1266 ex

296 1298 491 1369 Sponio
526 1297 724 1350 locutus
767 1293 872 1349 sum
899 1332 915 1359 ‚
971 1292 1441 1365 inscriptionemque
1489 1291 1731 1364 integram
1767 1285 1989 1358 adduxi)

298 1371 595 1426 Taurobolio
634 1384 836 1443 accepto
874 1373 1025 1426 Aram
1064 1368 1197 1423 suam
1233 1365 1549 1423 consecravit.
1639 1367 1715 1420 lta
1752 1363 1886 1417 enim
1926 1362 1995 1417 ibi

294 1446 532 1500 habemus

725 1590 783 1643 X
860 1629 872 1641 .
945 1588 1571 1644 KAL.1UN

411 1696 464 1750 D
541 1737 553 1750 .
633 1698 692 1752 N
769 1739 780 1751 .
868 1689 1885 1753 VALENTINIANO

741 1816 943 1870 AUG
1022 1860 1034 1873 .
1106 1814 1283 1871 IIII
1360 1854 1373 1867 .
1446 1809 1563 1863 ET

541 1925 1206 1983 NEOTERIO
1299 1971 1311 1984 .
1421 1932 1746 1988 CONS

413 2031 1892 2115 ARAM.CONSEC'RAV1T

373 2231 581 2287 Illorum
626 2232 715 2304 qui
751 2230 950 2304 publice
992 2232 1058 2305 (i.
1082 2253 1128 2294 e,
1153 2253 1216 2290 ex
1239 2235 1556 2304 auctoritate,
1598 2257 1656 2291 ac
1689 2237 1995 2312 sumptibus,

302 2308 547 2382 publicis)
586 2306 941 2361 Taurobolzum
966 2304 1209 2364 faciebant
1242 2330 1342 2365 non
1373 2313 1438 2365 ita
1462 2315 1727 2388 reperimus
1760 2336 1883 2371 aras·
1909 2319 1991 2373 de-

301 2384 530 2446 dicatas,
569 2381 632 2433 ab
656 2380 754 2434 istis
778 2383 866 2454 qui
889 2384 941 2436 id
965 2381 1148 2439 sacrum
1181 2384 1506 2460 susceperant:
1548 2390 1690 2462 quod
1725 2409 1796 2444 eae
1826 2393 1991 2463 publi-

299 2459 358 2511 ce
384 2472 681 2530 ponerentur
697 2499 715 2519 ,
758 2456 872 2511 licet
896 2458 1066 2526 hostiis
1083 2458 1329 2536 propriis,
1362 2463 1601 2532 sensitis,
1636 2463 1851 2520 facerent
1873 2479 1987 2521 tau-

298 2533 590 2587 roboliandi.
669 2532 768 2586 Sed
794 2534 965 2586 contra
987 2536 1071 2588 ubi
1094 2538 1351 2608 privatim,
1400 2538 1478 2592 seu
1504 2559 1598 2610 pro
1619 2541 1825 2596 aliorum
1856 2540 1982 2594 salu-

297 2619 372 2673 te,
409 2607 488 2662 seu
509 2627 604 2681 pro
626 2605 885 2682 semetipsis
910 2608 1160 2679 facerent,
1200 2613 1253 2667 id
1275 2611 1554 2688 frequenter
1574 2615 1684 2671 satis
1722 2605 1978 2674 videmus:

1841 2690 1971 2746 ficut
