2139 3100
435 138 533 191 DE
572 138 1243 197 GYMNAstsxRCHm,
1289 137 1390 188 &c.
1652 135 1752 206 633

71 230 512 306 Gymnafiarcham
542 253 584 287 2.
610 233 782 287 falsum
805 233 897 286 effe
914 230 1197 301 Xystarchae
1227 247 1342 282 cum
1359 225 1757 294 Gymnasl'archae

69 309 204 360 idem
230 323 313 360 aut
335 311 588 379 geminum
617 326 793 361 munus
816 307 953 360 fuisse
976 308 1040 358 ita
1065 303 1348 375 Xystarchae
1366 319 1545 354 munus
1571 303 1619 354 in
1647 301 1757 374 Xy-

72 382 149 434 sto
177 381 352 444 fuerit,
390 381 532 454 quod
558 381 955 449 Gymnaffarche
986 380 1033 431 in
1064 377 1366 450 Gymnasio:
1405 376 1547 448 quod
1584 376 1757 428 ambo-

72 458 162 508 bus
192 456 319 509 hisce
341 472 531 510 tantum
555 453 726 509 unicus
748 454 1005 527 praefefflis
1030 452 1168 504 esset:
1209 453 1433 522 adeoque
1463 468 1507 520 3.
1546 450 1627 502 hic
1650 465 1757 502 tan-

73 532 136 582 tis
167 531 278 583 viris
314 531 633 583 conciliandis
668 529 842 584 frustra
883 526 1177 599 sequestrum
1206 525 1350 598 egisse
1377 523 1419 577 F
1424 525 1752 579 alconerium:

75 604 318 675 simulque
345 602 520 657 falsum
545 604 668 667 effe,
719 603 936 675 ejusdem
970 602 1176 653 muneris
1201 599 1338 653 fuisse
1375 599 1756 661 HellanodicaS,

75 682 126 730 &
145 677 460 731 Athlothetas
473 681 608 748 cujus
621 693 754 732 erant
769 675 1056 748 Xystarchae
1070 705 1086 739 3
1101 693 1216 728 cum
1232 675 1415 746 priores
1431 674 1609 726 horum
1626 673 1756 727 Cer-

76 752 338 804 taminibus
364 752 578 805 Publicis
615 753 954 826 praefiderent,
1003 750 1324 820 OlympiciS,
1394 748 1643 820 Pythicis,
1696 747 1752 801 si-

77 824 405 898 milibusque,
447 827 498 880 hi
524 845 640 881 vero
666 841 854 880 tantum
881 823 1157 895 Gymnasiis
1182 824 1308 885 five,
1349 839 1405 877 ut
1429 826 1476 877 in
1508 823 1644 875 ltalia
1667 843 1760 876 vo·
1820 850 1824 854 ·

75 899 330 963 cabantur,
385 900 585 970 Xisti53
624 919 679 953 ac
715 899 1000 967 Xystarchae
1041 916 1223 950 nomen
1257 898 1441 950 Graecis
1487 896 1596 968 ipsis
1635 915 1798 968 pene<

74 975 303 1047 ignotum
327 973 473 1027 fuerit
498 976 695 1047 solaque
721 977 769 1026 in
793 976 944 1027 Creta
967 971 1116 1024 insula
1143 971 1646 1042 Gymnasiarcheisto
1671 975 1761 1024 ηο-

77 1050 237 1111 mine,
286 1064 432 1119 prout
467 1049 653 1121 liquet,
704 1050 942 1102 venirent.
1020 1047 1076 1099 In
1101 1064 1198 1116 qua
1222 1046 1560 1117 inscriptione,
1598 1047 1761 1099 uthoc

77 1123 127 1174 in
163 1123 356 1175 transitu
392 1123 558 1176 dicam
581 1161 596 1186 ,
644 1125 761 1178 loco
797 1138 1338 1178 HENTAETHPIKON
1390 1121 1653 1193 legendnm
1690 1119 1760 1174 est

80 1215 622 1254 HENTAETEPIKOT.

151 1273 314 1337 Quod
347 1293 465 1326 vero
490 1276 699 1346 primam
735 1272 948 1326 nostram
982 1287 1151 1326 notam
1184 1272 1382 1332 attinet,
1422 1269 1593 1322 nullibi
1628 1282 1762 1340 patet

77 1344 183 1400 duo
207 1348 318 1400 talia
344 1366 569 1411 munera,
607 1347 802 1420 istisque
816 1349 1136 1410 nominibuS,
1177 1346 1376 1417 hocque
1391 1345 1460 1398 illi
1481 1344 1764 1397 subordina-

74 1433 180 1472 tum
199 1458 212 1483 ,
248 1423 298 1473 in
313 1422 592 1497 Gymnafiis
614 1423 896 1476 obtinuisse:
937 1440 1093 1494 quum
1122 1420 1298 1490 Xystus
1328 1418 1484 1472 solum
1512 1417 1763 1488 Gymnasii

76 1511 186 1565 pars
211 1495 354 1559 esset,
401 1497 484 1549 ubi
522 1498 673 1549 iidem
706 1498 924 1552 Athletae
962 1497 1050 1568 qui
1088 1511 1312 1566 tempore
1354 1494 1526 1547 aestivo
1554 1492 1639 1545 sub
1672 1493 1760 1544 dio

73 1568 421 1622 exercebantur
447 1606 463 1632 ,
507 1587 593 1643 per
629 1571 839 1629 hyberna
877 1584 1099 1641 tempora
1135 1575 1190 1623 in
1216 1569 1358 1623 tebh's
1383 1567 1559 1640 stadiis
1613 1565 1761 1638 (quae

73 1639 197 1716 ξυςὲς
236 1643 397 1714 erant)
452 1658 798 1697 exercerentur
818 1672 834 1706 3
884 1643 1005 1694 sicut
1041 1645 1186 1696 etiam
1221 1644 1370 1695 iidem
1407 1641 1637 1695 Athletae
1677 1659 1762 1711 pet

70 1717 331 1788 hyemem,
370 1735 434 1769 ex
459 1716 609 1786 Xysto
625 1715 825 1785 ,sereno
851 1717 993 1777 caelo,
1011 1717 1308 1787 prodeuntes
1328 1715 1424 1785 fitb
1451 1716 1532 1769 dio
1566 1733 1760 1770 exerce-

73 1788 287 1854 bantur,
326 1791 398 1842 uti
425 1784 566 1844 nobis
594 1793 790 1844 testatur
806 1791 1062 1844 Vitruvius
1078 1808 1140 1842 ex
1164 1809 1267 1863 quo
1293 1790 1495 1862 suaquae
1521 1789 1585 1840 de
1597 1789 1760 1863 Gym-

77 1861 210 1915 nasio
235 1882 292 1916 ac
315 1864 482 1940 Xysto
517 1867 712 1920 tradunt
737 1884 846 1921 tum
885 1866 1191 1919 Mercurialis
1216 1879 1321 1918 tum
1346 1866 1429 1918 alii
1463 1865 1756 1918 verbotenus

82 1936 306 1993 aflerant.

152 2014 323 2079 Quum
347 2015 491 2086 igitur
512 2021 561 2069 &
588 2018 636 2070 in
679 2017 855 2088 Xysto,
893 2017 1014 2069 &in
1040 2014 1233 2086 reliquo
1272 2015 1571 2087 Gymnafio,
1622 2010 1761 2084 apud

79 2084 284 2139 Graecos
309 2088 459 2143 iidem
485 2108 819 2146 exercerentur
847 2091 1085 2151 Athetae,
1123 2091 1253 2142 nulla
1269 2092 1392 2143 ratio
1416 2093 1538 2151 tuit,
1575 2104 1662 2140 cur
1686 2085 1765 2138 iis-

85 2159 201 2212 dem
224 2160 341 2213 alius
365 2164 691 2220 moderaretur
717 2167 842 2220 dum
877 2165 961 2218 sub
984 2166 1071 2218 dio
1108 2166 1455 2217 exercebantur
1478 2207 1493 2230 ,
1518 2162 1636 2215 alius
1670 2162 1761 2213 ite-

85 2251 195 2286 rum
228 2252 340 2287 cum
375 2237 442 2289 ob
464 2238 643 2312 frigora
677 2260 735 2296 ac
778 2242 1088 2312 tempestates
1120 2237 1206 2291 sub
1236 2240 1362 2293 tecta
1375 2237 1466 2290 sese
1499 2235 1766 2292 exercendi

88 2307 224 2360 causa
244 2307 539 2366 conferrent:
593 2335 750 2388 quum
775 2322 825 2370 &
863 2332 1086 2386 practerea
1122 2312 1520 2385 Gymnafiarchae
1554 2311 1765 2383 quidem

88 2382 138 2434 in
162 2382 377 2445 (ἳῐὶΐείῢ,
416 2398 560 2458 atque
586 2391 634 2442 in
664 2392 799 2444 Italia
839 2389 1150 2460 Xystarchae,
1206 2403 1318 2441 toto
1353 2387 1635 2452 Gymnasz'o,
1685 2381 1768 2435 seu

95 2456 238 2531 Xysto
261 2456 480 2529 Praefeffi
503 2461 685 2527 essent,
733 2459 976 2538 ipfiulclue
1016 2468 1066 2517 ἃ
1090 2481 1201 2535 quoe
1223 2463 1287 2516 ad
1321 2463 1442 2516 illud
1470 2458 1771 2531 pertinebant

93 2547 259 2584 curam
285 2547 524 2604 gererent:
573 2535 657 2589 sed
684 2540 837 2605 alioS,
878 2540 1030 2612 (quos
1056 2536 1181 2591 infra
1207 2535 1510 2605 videbimus)
1549 2532 1634 2586 fibi
1655 2529 1767 2584 sub-

90 2605 251 2675 jectos
276 2607 542 2674 habebant,
581 2613 672 2684 qui
692 2621 739 2670 δε
766 2615 814 2668 in
843 2614 991 2684 Xysto
1018 2618 1069 2667 ὃς
1095 2613 1143 2664 in
1169 2612 1359 2685 reliquo
1378 2607 1631 2680 Gymnasto
1648 2606 1774 2734 Atlh-

1101 2686 1146 2737 L
1163 2688 1181 2739 l
1198 2687 1244 2738 ll
1732 2697 1781 2732 e.
