2139 3100
278 205 376 264 '7²
666 182 767 237 DE
812 179 1169 231 ORIGINE
1213 173 1680 233 AcRmnm's.

369 276 426 327 In
453 271 825 328 ambabushisce
851 264 1241 336 inscriptionibus
1264 265 1383 337 legit
1407 266 1620 336 Sponius
1644 273 1810 324 movit
1827 307 1839 328 ‚
1882 290 1983 326 non

291 354 514 405 monuit,-
555 367 612 401 ac
640 347 765 399 reste
792 342 998 414 quidem
1026 358 1141 393 meo
1169 341 1378 408 judicio
1457 343 1596 406 Quin
1636 347 1686 394 δε
1727 345 1979 401 Reinefius

289 425 556 478 leftionem
592 422 729 475 illam
762 417 923 481 movit
954 416 1091 468 alteri
1114 414 1190 468 isti
1212 415 1241 467 a
1268 414 1312 466 se
1337 415 1569 469 exhibita?
1592 415 1820 488 praefert;
1859 421 1979 477 dum

288 501 376 552 ait:
419 500 532 551 Hoc
555 499 652 550 loco
677 491 960 564 intelltgam
984 493 1162 562 potius
1185 488 1480 546 Petronium
1505 491 1602 558 sito
1613 494 1824 564 fitmptu
1846 495 1983 564 insti-

286 575 435 644 tug'sse
474 571 536 629 (ἐν
571 565 846 638 exhz'hmsse
887 563 1234 638 Tauropolium
1258 596 1278 631 ,-
1336 585 1434 640 quo
1481 567 1673 622 ducunt
1725 568 1819 640 ista
1868 569 1920 622 D
1939 568 1981 621 E

285 649 319 701 S
362 649 410 702 V
451 647 522 698 O.

354 718 738 783 QAEmobolium
761 715 903 791 quod
930 715 1013 769 hic
1037 714 1250 792 legitur,
1291 728 1486 782 mutat,
1530 719 1758 791 quamvis
1786 719 1979 774 obstan-

282 812 331 851 te
360 794 654 860 Holstenio,
694 791 950 847 Reinefius
977 792 1026 845 in
1052 791 1427 866 QAEgobolium
1443 823 1462 856 ,-
1503 811 1559 846 ac
1587 793 1717 848 rest&
1741 795 1980 867 quidem,

282 872 350 925 ob
373 872 584 923 rationes
609 870 669 921 ab
692 868 800 941 ipso
825 868 1049 923 redditas,
1074 886 1224 940 quare
1248 872 1300 921 ὃς
1324 866 1389 920 fic
1408 869 1507 936 jam
1531 869 1672 940 supra
1697 870 1823 925 illud
1850 888 1978 924 mar-

282 965 394 1000 mor
417 946 604 999 adduxi
629 968 640 997 :
701 945 843 1017 quod
884 962 983 996 non
1008 942 1118 996 solis
1143 943 1322 1005 bobus,
1362 959 1531 996 verum
1555 950 1604 999 δε
1632 945 1898 1000 Arietihns
1923 952 1974 1002 δε

279 1024 435 1095 caprb's
462 1021 558 1072 hoc
568 1021 774 1091 fiacrmn
802 1021 1087 1091 peregerint.

355 1097 517 1150 Prima
544 1098 712 1148 harum
739 1094 1111 1166 inscriptionum
1140 1092 1313 1145 mutila
1349 1094 1512 1164 prima
1547 1091 1712 1146 fronte
1746 1109 1977 1165 apparet·‚

278 1190 336 1224 ac
360 1176 561 1223 nomina
585 1172 946 1241 Imperatorum
975 1171 1089 1222 inde
1109 1169 1235 1222 erasa
1259 1167 1398 1221 fuiss'e
1425 1185 1584 1241 patet:
1623 1188 1738 1241 quae
1758 1170 1974 1240 Sponius

276 1246 417 1300 fuiss'c
441 1248 548 1300 vult
576 1246 873 1301 Maximini
899 1252 947 1299 &
977 1245 1214 1299 fllaximz'
1229 1285 1248 1304 ,
1289 1263 1495 1317 quorum
1519 1248 1724 1297 nomina
1747 1244 1887 1313 erasa
1913 1262 1975 1297 ex

276 1322 494 1375 Senatm
527 1320 762 1390 Conficlto
781 1319 878 1393 post
903 1339 1068 1374 eornm
1096 1330 1336 1382 mortem,
1378 1318 1494 1385 teste
1521 1320 1823 1391 Capitolino,
1868 1317 1974 1371 Ve-

276 1415 383 1449 rum
414 1396 533 1448 illud
561 1401 611 1449 ἃ
638 1396 860 1466 pluribus
874 1394 1054 1448 accidit
1083 1393 1493 1464 Imperatoribus:
1536 1392 1675 1446 sicuti
1702 1394 1809 1465 plus
1833 1389 1978 1445 semel

274 1471 328 1523 id
352 1472 608 1531 videnum,
650 1471 769 1521 cum
808 1471 858 1520 in
897 1470 1001 1521 aliis
1037 1469 1338 1531 Caesaribu3‚
1378 1470 1489 1521 tum
1529 1472 1578 1520 &
1613 1470 1662 1520 in
1703 1468 1771 1521 L.
1807 1465 1972 1538 Septi-

273 1549 373 1597 mio
430 1544 616 1597 Severo
664 1547 716 1592 δε
766 1542 848 1594 M.
888 1544 1017 1594 Aur.
1065 1544 1326 1600 Antonino
1353 1576 1367 1600 ,
1432 1543 1512 1592 seu
1566 1542 1823 1593 Caracalla
1861 1543 1976 1612 (aut

273 1618 310 1671 fi
353 1618 506 1671 mavis
559 1613 823 1685 Baffiano)
880 1629 936 1664 ut
983 1612 1119 1683 apud
1176 1613 1447 1664 Gruterum
1488 1631 1598 1684 pag.
1653 1614 1769 1678 265.
1810 1623 1885 1663 n0.
1931 1633 1971 1667 t.

272 1691 460 1745 erasum
533 1688 656 1742 illud
726 1687 1114 1743 OPTIMIS
1180 1686 1970 1751 FORTISSIMISQVE

272 1766 316 1820 P
333 1768 383 1821 R
400 1767 424 1819 I
444 1766 493 1821 N
515 1764 664 1818 CIP
681 1765 703 1818 Ι
720 1765 761 1817 Β
779 1762 876 1816 VS
926 1766 975 1814 ἃ
1012 1771 1079 1814 n0.
1127 1780 1172 1814 2.
1211 1762 1259 1813 in
1301 1760 1377 1813 M.
1415 1763 1536 1815 Aur.
1571 1762 1831 1814 Antonino
1856 1761 1965 1825 illa,

269 1839 726 1896 PARTHICI
785 1843 837 1891 &
896 1834 1495 1890 BRITANNICI.
1582 1838 1752 1903 Qare
1799 1839 1848 1888 &
1899 1838 1967 1889 ob

269 1917 401 1979 haec,
438 1918 488 1967 ὅτ
512 1913 580 1966 ob
605 1913 758 1985 spatia
781 1922 933 1967 vacua
955 1909 1210 1975 derelista,
1246 1927 1358 1981 quae
1382 1911 1537 1983 magis
1577 1910 1855 1964 nominibus
1876 1910 1965 1963 Se-
2050 1954 2051 1957 ,

270 1995 386 2047 veri
418 2004 565 2062 atque
588 1991 848 2043 Antonini
873 1985 1120 2059 quadrant
1160 1983 1277 2058 (cui
1301 2002 1461 2058 neque
1475 1986 1599 2041 illud
1637 1985 1719 2038 M.
1743 1984 1886 2057 quod
1913 1987 1964 2038 in

268 2067 422 2121 tertiat
466 2065 605 2117 lineae
646 2063 790 2116 initio
833 2061 1039 2134 superest
1064 2060 1338 2133 repugnat)
1375 2079 1491 2114 curn
1531 2058 1813 2115 Clariffimo
1843 2059 1964 2113 Rei-

268 2141 403 2195 nefio
433 2139 598 2202 judico
615 2176 631 2202 ,
681 2138 765 2191 hic
792 2135 1064 2210 supplenda
1103 2137 1282 2189 horum
1321 2134 1503 2191 Severi
1537 2149 1686 2208 atque
1707 2135 1959 2189 Antonini

266 2216 469 2271 nomina
504 2214 620 2266 effe.

341 2287 504 2358 Quod
533 2301 700 2341 ‚autem
740 2305 890 2359 porro
914 2286 976 2340 ad
1013 2284 1142 2343 istud
1172 2286 1394 2348 monuit,
1432 2299 1520 2340 aut
1555 2280 1722 2340 movit
1749 2285 1922 2339 attinet
1939 2304 1960 2345 ;

271 2384 366 2438 pro
405 2364 619 2418 leffione
648 2361 731 2414 illa
769 2361 1158 2418 MONVIT
1198 2357 1314 2421 stat,
1359 2360 1503 2432 quod
1538 2358 1698 2413 Sacra
1732 2361 1959 2433 quando-

267 2461 366 2516 que
377 2453 461 2493 aut
474 2437 689 2491 instituta
704 2475 719 2501 ,
749 2452 831 2490 aut
856 2439 1147 2499 immutata,
1179 2434 1406 2487 Deorum
1430 2436 1635 2488 monitu
1648 2436 1958 2507 perhiberen-

269 2533 362 2570 tur.
439 2514 522 2567 Sic
558 2514 691 2565 enim
731 2514 865 2584 apud
912 2515 1111 2569 Livium
1139 2547 1156 2575 ,
1213 2509 1427 2564 Decadis
1475 2524 1659 2582 quartae
1707 2511 1861 2573 libro,
1905 2526 1959 2580 9.

270 2595 397 2646 circa
429 2589 584 2645 Sacra
625 2586 1011 2652 Bacchanalia,

1843 2731 1958 2784 Pa-
