2139 3100
456 99 1574 187 ano'xqmaMammvmac.
1680 156 1682 158 ·
1764 141 1857 198 195

151 227 277 285 tifici
314 225 571 286 Maxime,
612 240 668 279 ut
703 223 969 297 Dignitatis
1010 221 1224 294 insigne,
1274 222 1528 295 proprium
1564 232 1677 273 crat.
1753 219 1862 272 Istis

154 320 319 357 tamen
359 301 478 374 qui,
514 301 637 354 dum
671 317 788 352 cum
825 298 1046 369 Imperio
1079 299 1256 360 essent,
1306 295 1387 350 seu
1424 295 1688 369 postquam
1732 293 1857 346 illud

155 377 326 450 adepti
361 375 512 429 essent
537 417 559 438 ,
620 391 875 446 nunquam
914 372 1084 425 urbem
1120 371 1350 434 adibant,
1405 372 1547 427 vestis
1595 371 1676 424 illa
1719 387 1852 429 non,

156 452 330 526 (quod
384 448 565 520 sciam)
612 448 921 502 offerebatur.
996 446 1282 518 Appellatio
1334 448 1524 519 quippe
1593 442 1854 499 Pontificis

161 528 408 587 Maximi,
444 524 563 577 ficut
587 524 668 576 illa
693 521 1042 594 Imperatoris,
1083 521 1162 576 vel
1198 522 1410 592 Augusti
1446 519 1741 593 (postquam
1765 536 1856 570 no-

159 608 274 656 men
300 600 616 670 Imperatoris
654 596 767 650 solis
804 597 1075 650 Caesaribus
1111 594 1460 670 reservabatur)
1497 595 1579 648 hic
1610 592 1856 647 sufficiens

151 692 280 729 erat:
324 676 395 727 uti
419 690 483 726 ex
508 672 666 727 modo
680 671 917 726 nominati
943 671 1205 734 Macrini,
1246 671 1610 740 Gordianorum
1627 704 1642 730 ,
1668 667 1734 721 N
1735 671 1853 742 gri,

161 751 357 811 Decii,
394 749 703 819 aliorumque
728 747 969 818 exemplis
992 746 1256 817 unicuique
1283 759 1458 798 notum
1484 745 1577 796 elle
1602 743 1785 815 potest.

235 824 289 877 Si
317 840 437 875 vero
470 825 579 895 quis
606 841 816 895 regerere
843 821 986 883 velit,
1025 817 1236 874 Caesares
1269 819 1413 881 istos,
1449 820 1538 890 qui
1569 820 1618 871 in
1649 816 1857 888 provin-

153 898 249 952 ciis
271 897 450 951 alibive
480 913 614 950 extra
648 899 816 950 urbem
843 896 987 949 electi
1018 893 1239 958 fuerant,
1276 894 1590 967 quantumvis
1624 911 1652 944 a
1677 892 1858 945 Senatu

156 973 424 1044 approbati
451 972 632 1035 essent,
670 973 1007 1024 nominetenus
1031 985 1224 1023 tantum
1241 968 1380 1022 fuisse
1404 967 1673 1023 Pontifices
1689 964 1858 1019 Maxi-

168 1065 303 1109 mos;
348 1064 464 1098 cum
491 1047 644 1099 Sacris
680 1047 743 1098 ad
783 1045 969 1104 Pontif.
1004 1046 1144 1102 Max.
1168 1044 1522 1116 spectantibtss,
1562 1041 1657 1097 five
1694 1040 1859 1098 bellis,

158 1121 266 1173 sive
290 1121 425 1174 aliter
450 1122 678 1191 impediti
716 1120 973 1192 praesentes
1006 1119 1162 1172 adesse
1195 1138 1294 1172 non
1319 1118 1537 1189 possent,
1575 1114 1860 1185 vestemque

169 1195 515 1249 Pontificalem
553 1197 803 1267 accipere,
846 1193 1385 1266 Consecrationemque
1407 1212 1434 1246 a
1461 1190 1734 1245 Prudentio
1771 1190 1860 1242 de-

163 1269 419 1342 scriptam:
458 1289 512 1322 ea
534 1286 694 1322 tamen
708 1271 872 1323 locum
902 1269 1117 1322 habuisse
1140 1271 1185 1322 in
1213 1269 1268 1321 iis
1291 1266 1648 1340 quipraesentes
1673 1265 1722 1317 in
1745 1263 1862 1315 urbe
1891 1290 1893 1294 .

167 1345 384 1397 aderant.
461 1344 592 1397 Sciat
636 1344 748 1408 iste,
786 1346 928 1418 quod
962 1344 1172 1416 (praeter
1195 1343 1303 1405 illa,
1346 1361 1457 1414 qil-:c
1492 1343 1589 1414 jam
1625 1341 1690 1391 de
1716 1337 1858 1389 Tau-

172 1419 367 1471 robolio
407 1419 554 1472 Sacro
579 1434 632 1471 ut
657 1420 754 1472 huc
781 1422 922 1490 plane
955 1420 1077 1469 nihil
1113 1417 1387 1487 speetante,
1425 1413 1643 1484 ostendi)
1673 1414 1738 1466 de
1763 1409 1864 1464 istis

171 1492 442 1547 Caesaribus
476 1493 565 1562 qui
593 1493 859 1562 plurimum
897 1491 1081 1542 Romae
1115 1490 1389 1560 degebant,
1430 1490 1509 1541 vel
1539 1488 1727 1557 semper
1749 1487 1863 1538 ade-

167 1580 302 1628 rant,
343 1566 396 1616 id
423 1566 624 1626 nullibi,
663 1565 739 1617 vel
754 1560 1083 1614 obscurissime
1104 1562 1321 1614 eluceat:
1363 1579 1420 1613 ac
1439 1561 1730 1624 notet,illos
1746 1560 1864 1612 Cae-

165 1639 282 1692 sares
317 1641 406 1710 qui
444 1639 511 1691 ita
550 1639 734 1689 Romae
769 1651 823 1689 ut
856 1636 1122 1706 plurimum
1159 1634 1433 1708 degebant,
1471 1637 1612 1695 raro,
1651 1635 1757 1686 imo
1789 1649 1861 1685 ra-
1913 1666 1917 1675 ,

164 1711 371 1773 rissime,
407 1729 494 1783 per
518 1708 800 1781 semetipsos
826 1708 1063 1765 solemnia
1090 1709 1251 1763 illaac
1276 1711 1393 1764 ritus
1433 1709 1541 1785 (vel
1565 1707 1754 1780 aliquid
1778 1725 1865 1759 eo-

165 1785 304 1858 rum)
337 1804 449 1858 quae
470 1785 536 1837 ad
573 1785 873 1841 Pontificem
910 1784 1235 1848 Maximum,
1269 1801 1326 1837 ut
1363 1782 1554 1839 Pontif.
1582 1783 1725 1838 Max.
1753 1780 1861 1853 spe-

163 1863 385 1924 &abant‚
422 1858 784 1914 administrasse.

238 1937 316 1991 Illi
345 1937 479 1990 enim
512 1953 654 2007 aeque
690 1934 800 1988 suos
838 1932 1065 1987 Vtcarios
1108 1931 1390 1996 habebant,
1431 1950 1583 2005 quam
1625 1931 1727 1994 isti,
1773 1930 1865 2002 qui

175 2027 343 2065 contra
369 2012 527 2065 hostes
551 2048 567 2075 ,
627 2023 762 2063 extra
794 2009 963 2062 urbem
986 2045 1000 2071 ,
1055 2021 1298 2079 perpetuo
1335 2009 1383 2061 in
1423 2009 1595 2070 amm,
1646 2006 1726 2061 vel
1751 2005 1870 2059 alias

174 2086 245 2141 ob
276 2084 475 2149 causaS,
530 2088 737 2138 aberant.
812 2084 973 2149 Quod
1019 2098 1124 2136 tum
1164 2100 1228 2135 ex
1261 2082 1316 2135 iis
1339 2119 1356 2146 ,
1403 2101 1516 2154 quae
1552 2083 1618 2135 de
1661 2098 1865 2135 munere

181 2160 449 2216 Pontificio
463 2160 675 2228 adduxi,
711 2159 818 2214 satis
830 2157 1057 2212 elucescit
1070 2200 1086 2224 ,
1128 2171 1233 2209 tum
1245 2174 1309 2210 ex
1322 2175 1449 2211 nunc
1467 2156 1863 2230 superaddendis.

258 2237 447 2288 Etenim
467 2237 530 2288 de
557 2236 734 2291 Marco
766 2234 1051 2297 Antonino,
1090 2232 1189 2285 hoc
1222 2246 1277 2284 ut
1311 2232 1547 2306 singulare
1572 2232 1864 2306 quoddam,

192 2323 248 2359 ac
271 2308 374 2361 raro
397 2311 668 2364 admodum
703 2312 1027 2382 contingen3‚
1077 2307 1395 2377 Capitolinus
1417 2323 1595 2362 narrat:
1646 2307 1758 2361 Nec·
1783 2306 1862 2358 al-

195 2383 297 2434 lum
336 2382 462 2452 (ait)
494 2383 803 2455 Sacrificium
841 2400 930 2457 per
968 2383 1025 2436 V
1023 2381 1055 2432 l
1063 2382 1109 2434 C
1120 2384 1175 2434 A
1186 2381 1238 2435 R
1255 2381 1283 2431 l
1296 2383 1428 2438 UM
1454 2384 1611 2451 fecit,
1643 2382 1730 2448 mfi
1753 2396 1867 2433 cum

198 2472 324 2527 aeger
347 2453 476 2524 fuit.
516 2475 572 2509 ac
603 2461 666 2513 de
692 2460 913 2513 Adriano
947 2456 1156 2511 Caesare:
1199 2454 1362 2512 Sacra
1402 2458 1633 2512 Rom-vna
1666 2454 1872 2525 diligen-

198 2528 378 2597 ttſjim‘e
406 2532 641 2590 curavit;
668 2538 930 2607 peregrina
959 2530 1259 2605 contfmpfit.
1333 2532 1451 2586 PO
1470 2533 1533 2586 N
1542 2528 1635 2585 TI
1639 2529 1690 2584 F
1694 2529 1723 2578 l
1736 2528 1822 2580 CI
1834 2527 1875 2579 S

196 2602 275 2656 M
289 2602 345 2658 A
362 2600 456 2659 XI
468 2601 576 2656 Ml
608 2606 1018 2738 offi‘cz'umperegtg
1032 2643 1073 2736 ‚b
1089 2611 1209 2677 quin
1233 2602 1380 2663 etiam
1399 2607 1463 2663 de
1481 2605 1762 2668 Alexandro
1790 2600 1877 2655 Se-

1112 2699 1142 2736 2
1762 2695 1882 2734 vero
