2139 3100
557 154 790 209 SAcm
834 152 1329 211 TAUROBOLII.
1685 164 1787 235 167

178 247 261 300 Sic
295 263 502 318 quoque
539 244 831 300 Sacerdotes
869 244 1055 297 ibidem
1082 287 1103 309 ,
1157 246 1327 304 Divae
1361 250 1670 310 Marcianae.
1724 274 1782 310 ac

108 339 220 396 pag.
253 323 407 375 1058.
442 339 521 377 11.
559 319 814 392 Fazstmae
842 318 982 372 fimul
1003 336 1059 372 ac
1086 322 1347 379 Matidiae.

498 445 1409 502 LEPIDIAE.L.F

615 532 1300 586 PROCULAE

498 616 985 668 SACERDOTI
1052 653 1062 665 .
1154 615 1418 671 DIVAE

625 697 1280 752 FAUSTINAE

721 784 1195 836 AUG.ET

505 866 807 917 DIVAE
855 904 866 915 .
930 867 1422 920 MATIDIAE

623 952 1299 1004 AUG.D.D.P

498 1033 1421 1088 PECUNIA.AB.EA

627 1116 1302 1175 REMISSA

196 1278 380 1336 Nullas
404 1292 567 1334 tamen
597 1279 862 1353 reperimus
885 1279 1096 1338 Puellas
1125 1283 1495 1353 Plotinianas,
1542 1306 1626 1347 aut
1654 1295 1808 1354 Mar.

123 1358 329 1411 cianas:
365 1358 591 1427 quamvis
625 1355 833 1427 ipsarum
868 1356 1186 1421 SacerdoteS‚
1236 1377 1293 1412 ac
1327 1360 1637 1423 Flammicas
1668 1372 1809 1428 inve-

124 1431 324 1483 niamus.
374 1431 563 1499 *Quod
582 1430 699 1483 licet
726 1432 793 1482 ita
816 1430 969 1492 effet,
1008 1449 1111 1483 non
1146 1432 1262 1485 inde
1297 1432 1574 1505 sequeretur
1601 1443 1810 1503 Puella,-

120 1504 256 1565 istam,
293 1501 391 1556 five
416 1503 796 1572 Faustinianas,
835 1501 936 1554 five
974 1502 1380 1566 Mammaeanas‚
1419 1508 1520 1563 five
1551 1519 1604 1566 &
1639 1519 1810 1576 Ploti-

118 1582 301 1630 m'anas
328 1589 411 1628 aut
439 1576 742 1630 Marcianas
769 1572 1058 1626 Sacerdotes
1083 1573 1277 1628 istarum
1303 1576 1544 1638 Divarum
1569 1586 1725 1646 fuisse,

190 1648 381 1702 Verum
403 1651 538 1702 enim
563 1664 682 1703 vero
703 1645 1012 1701 redeundum
1038 1648 1180 1704 nobis
1202 1651 1407 1705 tandem
1432 1657 1503 1710 est
1531 1662 1596 1714 ad
1635 1663 1811 1723 Gallos

117 1720 308 1778 nostros
340 1722 420 1775 M.
439 1724 510 1777 D.
528 1720 609 1776 M.
645 1719 810 1784 Ideae,
863 1739 995 1794 quos
1027 1723 1251 1779 dixeram
1277 1762 1297 1789 ,
1351 1746 1453 1783 non
1487 1732 1631 1790 fuisse
1666 1738 1811 1815 hujus

117 1797 203 1853 M.
228 1795 308 1850 M.
333 1793 621 1851 Sacerdotes
637 1836 658 1858 ,
696 1793 780 1849 sed
803 1794 966 1852 solum
1001 1798 1326 1872 collegiatos,
1373 1805 1462 1874 qui
1495 1811 1811 1886 Archtgallps

116 1871 210 1925 suis
245 1869 329 1944 (ut
353 1869 588 1925 monachi
611 1869 766 1922 hodie
805 1868 897 1922 suis
936 1870 1244 1945 Abbatibus)
1275 1873 1512 1934 suberant.
1588 1891 1663 1940 An
1688 1909 1810 1946 vero

117 1946 175 2000 hi
199 1943 331 1999 Galli
353 1944 405 1999 in
437 1943 539 2018 ipsa
575 1943 855 1998 Peffinunte
887 1944 1175 2000 Sacerdotes
1210 1945 1393 2003 fuerint
1428 1954 1671 2014 incertum
1698 1967 1810 2038 qui-

120 2019 266 2084 dem;
304 2037 394 2073 nec
422 2021 545 2073 mihi
569 2020 720 2092 uique
741 2019 869 2075 adeo
893 2020 1143 2076 credibile.
1216 2022 1300 2075 De
1334 2024 1501 2084 Gallis
1529 2035 1594 2087 ad
1615 2037 1809 2095 Sestum

122 2093 272 2149 Livio
295 2096 658 2149 occurrentibus
692 2094 815 2149 nihil
848 2095 943 2148 tale
968 2108 1186 2167 apparet.
1258 2098 1336 2152 Ita
1358 2103 1492 2160 enim
1528 2108 1686 2167 Titus
1718 2114 1809 2170 Li-

125 2168 231 2222 vius
257 2169 379 2223 Dec.
402 2187 451 2240 4.
476 2170 561 2224 lib.
587 2186 640 2235 7.
715 2169 845 2241 Jam
856 2169 1189 2238 fiaebeuntibus
1214 2179 1431 2232 armatbs
1458 2198 1628 2239 muros
1640 2187 1814 2258 fana1

127 2243 219 2296 tici
243 2244 378 2298 Galli
397 2248 610 2317 primum
652 2244 836 2299 CUM
867 2243 1296 2301 SOLENNI
1319 2247 1687 2316 HABITU
1713 2282 1807 2318 an-

128 2327 180 2369 te
201 2328 390 2385 portam
415 2331 693 2374 occurrunt.
769 2317 924 2391 Juſju
937 2319 999 2389 fi
1030 2324 1140 2381 &n
1143 2323 1279 2375 atris
1313 2321 1493 2384 Deum
1522 2331 1576 2386 F
1579 2335 1718 2388 AM
1729 2339 1805 2391 U.

130 2389 244 2443 LO
262 2388 302 2440 S
323 2388 454 2444 Deae
486 2396 658 2448 venire
693 2406 1004 2459 memorant,
1043 2392 1112 2448 ad
1138 2398 1438 2467 precandum
1478 2406 1800 2476 Romanum,

131 2474 191 2516 ut
207 2476 434 2534 parceret
468 2470 736 2523 moembuss
769 2469 989 2544 urbique.
1064 2469 1253 2542 Neque
1286 2471 1350 2526 de
1384 2476 1480 2532 illis
1517 2481 1808 2539 Peffinunti-

130 2537 200 2589 cis
221 2572 238 2599 ,
282 2536 370 2608 qui
415 2540 744 2608 proculdubio
788 2561 904 2597 cum
950 2543 1239 2618 Archigallo
1288 2544 1376 2600 suo
1406 2588 1422 2616 ,
1486 2558 1807 2616 occurrebant

130 2608 340 2667 Consuli
365 2611 630 2681 Roman03
665 2635 722 2672 ac
744 2616 810 2672 de
841 2619 1020 2692 quibus
1055 2620 1191 2677 idem
1225 2619 1380 2679 Titus
1406 2626 1582 2687 Livius
1606 2634 1730 2690 Dee.
1753 2654 1805 2707 4.

1718 2707 1802 2765 lib.
