2139 3100
177 131 278 186 DE
321 128 543 184 Nfioc.
582 127 892 183 SACERD.
927 130 978 182 &
1019 127 1830 204 UR131B.NEocoR1s.3zt

146 223 402 278 subsecutis
427 222 731 296 temporibus
763 218 1036 272 consecutae
1065 216 1288 276 fuerunt:
1332 222 1496 296 sicque
1511 222 1748 296 Ephesios
1775 233 1834 276 aC

147 297 436 354 Nicaeenses
474 298 611 368 Julti
649 295 901 350 Neocoros
915 312 936 353 ;
974 294 1298 365 Pergamenos
1330 316 1386 351 ac
1421 297 1477 351 N
1484 297 1832 352 icomedienses

149 371 360 446 Augusti
400 370 556 425 facitos
581 369 733 424 fuiffe.
815 369 1011 436 Quibus
1050 387 1148 421 non
1172 384 1418 425 contentae
1442 372 1518 427 hae
1547 391 1611 426 ex
1640 373 1830 426 Tacito

150 448 309 502 modo
337 445 563 499 addu&ae
602 444 725 498 Asiae
754 443 891 495 urbes
937 443 1020 514 (ut
1055 461 1166 514 quae
1202 447 1416 500 maxime
1450 446 1829 518 Imperatoribus

153 520 503 591 adulabantur)
555 520 771 591 petivere
798 517 1046 570 aTiberio
1072 536 1128 570 ac
1155 518 1347 576 Senatu.
1433 523 1599 591 Qare
1629 520 1827 583 similia,

152 597 388 649 omnibus
409 593 653 667 perpensis
665 630 681 656 ‚
715 592 915 646 Senatus
938 591 1021 644 hic
1056 593 1364 665 Smyrnenses
1400 594 1643 666 praetulit;
1681 607 1830 664 atque

154 670 272 727 hinc
308 670 378 723 illi
417 666 730 741 Smyrnenses
766 685 866 738 prae
882 702 898 728 ‚
946 684 1001 719 ac
1037 685 1156 738 pm,
1199 682 1302 722 tota
1337 670 1454 724 Asia
1492 666 1832 723 Proconsulari

155 744 368 799 Neocori
385 743 581 797 Tiberio
595 779 609 804 ‚
640 745 887 812 matrique
902 741 1006 812 ejus
1017 759 1079 794 ac
1094 742 1305 797 Senatui
1316 742 1530 798 Neocori
1544 741 1661 796 fasti
1683 739 1827 794 fuere.

153 821 325 890 Atque
340 818 453 871 hinc
467 817 638 888 procul
652 816 805 868 dubio
818 815 899 866 ille
915 832 1141 868 nummus
1172 818 1203 891 ζ
1204 818 1266 871 de
1280 836 1385 889 quo
1397 855 1413 881 ,
1437 832 1490 870 ut
1503 832 1627 890 puto
1640 858 1661 880 ,
1700 816 1832 869 Hat-

154 893 332 946 duinus
368 890 624 944 reetissime
654 885 902 961 loquitur)
955 891 1036 942 cui
1070 896 1231 962 capita
1266 893 1370 945 duo
1393 892 1589 946 adversa
1623 891 1831 944 alterum

162 966 341 1020 Livzae
364 966 568 1018 alterum
592 963 810 1017 Senatris
823 994 842 1026 ,-
888 971 938 1018 &
972 965 1019 1016 in
1049 965 1212 1018 averso
1249 965 1396 1020 latere
1427 966 1670 1038 tempium
1705 983 1832 1038 qua.

161 1053 274 1091 tuor
297 1041 672 1100 columnarum,
712 1041 763 1089 &
803 1038 850 1090 in
888 1039 1057 1092 medio
1099 1041 1198 1109 ejus
1227 1039 1454 1095 Tiberim
1478 1053 1683 1113 togatus
1718 1056 1831 1093 cum

156 1113 344 1186 sceptro
372 1136 386 1167 .·
444 1130 499 1165 ac
534 1130 650 1165 cum
686 1109 999 1184 inscriptione
1036 1114 1085 1165 in
1121 1133 1221 1166 uno
1257 1114 1437 1177 latere,
1487 1133 1567 1170 ΣΕ
1588 1130 1828 1169 ΒΑΣΤΗ

163 1205 619 1242 ΣΥΝΚΛΗΤΟΣ
673 1204 966 1241 ΣΜΥΡΝΑ
991 1206 1125 1241 ΙΩΝ
1177 1207 1609 1249 ΝΕΩΚΟΡΩΝ,
1654 1190 1831 1260 Augu-

147 1259 244 1328 stae
281 1280 340 1314 ac
378 1261 620 1324 Senatui,
669 1279 881 1333 quorum
908 1280 1022 1315 cum
1049 1262 1292 1335 Smyrnaei
1317 1265 1465 1334 effent
1495 1263 1741 1321 Neocori5
1779 1265 1832 1314 &

159 1335 207 1385 in
233 1334 386 1388 altero
415 1352 757 1391 ΣΕΒΑΣΤΩ
800 1353 879 1388 TI
907 1355 1135 1392 ΒΕΡΙΩ
1182 1356 1310 1392 EHI
1356 1353 1831 1399 ΠΕΤΡΩΝΙΟΥ,

160 1405 359 1462 Tiberio
391 1410 612 1483 Augusto
636 1410 724 1475 fich
768 1409 1033 1481 [Praetore]
1080 1412 1339 1466 Petronio,

231 1482 391 1552 Qlod
417 1517 432 1543 ,
490 1483 573 1534 ubi
608 1483 672 1534 de
710 1483 936 1552 Augusto
972 1483 1098 1533 mihi
1152 1482 1310 1535 sermo
1358 1498 1458 1538 erat
1485 1521 1500 1548 ‚
1547 1485 1834 1558 imprudens

153 1555 430 1626 praetermifi
447 1597 459 1614 ‚
511 1553 580 1605 est
595 1594 617 1616 ,
664 1554 810 1606 etiam
849 1554 984 1625 apud
1022 1555 1309 1609 Tristanum
1360 1559 1450 1613 fol.
1487 1578 1573 1630 93.
1613 1559 1835 1613 exhiberi

154 1645 414 1681 nummum
435 1627 565 1679 istius
592 1626 798 1699 Augusti
835 1645 952 1680 cum
986 1627 1078 1680 hac
1114 1630 1459 1702 inscriptione,
1512 1625 1831 1689 JtNozlizoN

154 1720 190 1757 Δ
208 1720 229 1754 1
252 1721 284 1757 Σ
325 1721 362 1754 Ν
378 1719 408 1753 E
425 1720 461 1755 Ω
477 1719 513 1753 K
532 1719 567 1754 o
589 1721 616 1754 P
632 1720 668 1754 Ω
685 1720 739 1755 N.
815 1701 974 1772 Quod
994 1703 1179 1759 indicat
1193 1708 1292 1776 jam
1315 1707 1408 1761 isto
1433 1724 1528 1762 tem
1537 1728 1658 1782 pore
1682 1715 1830 1764 etiarn

153 1775 404 1830 Cretenses
437 1777 568 1830 hunc
596 1775 837 1830 honorem
871 1777 1087 1831 ambiisse
1113 1822 1135 1843 ,
1186 1799 1400 1853 eumque
1436 1785 1641 1856 adeptos
1673 1781 1830 1837 fuiffe.

154 1849 275 1904 Post
298 1850 558 1921 Tiberium
583 1867 705 1904 vero
741 1856 789 1904 ὃ(
817 1851 918 1904 aliis
953 1851 1254 1917 Caesaribus,
1306 1871 1360 1907 ut
1383 1858 1694 1912 adularentur
1728 1856 1834 1922 ita,

150 1928 207 1977 ἐξ
232 1924 338 1977 aliae
364 1926 500 1978 urbes
537 1925 880 1979 Neocoratum
896 1961 911 1986 ,
949 1940 1002 1977 ut
1039 1925 1103 1979 fic
1134 1928 1336 2000 loquar,
1374 1935 1670 1986 ambierunt:
1715 1932 1832 1984 hinc

162 1998 291 2050 enim
326 1997 414 2051 sub
460 2001 592 2072 Cajo
640 1999 831 2053 Caesare
889 2017 1081 2053 ΘΕΟΤ
1104 2021 1225 2055 ΙΔΕ
1249 2023 1336 2057 ΩΝ
1389 2025 1633 2061 ΝΕΩΚΟ
1657 2026 1829 2068 ΡΩΝ,

163 2076 214 2124 δε
255 2089 644 2129 ΣΠΑΛΕΘΡΑ
665 2092 682 2126 1
704 2094 796 2130 ΩΝ
841 2094 877 2128 Ν
899 2092 1238 2131 ΕΩΚΟΡΩΝ
1290 2079 1426 2151 (quae
1465 2083 1602 2134 urbes
1624 2081 1834 2134 Thessa-

163 2146 238 2199 liae
273 2162 403 2200 erant
428 2149 484 2220 3)
546 2153 596 2202 δε
637 2166 672 2201 A
690 2167 725 2201 C
740 2169 776 2204 H
792 2169 824 2203 Λ
839 2169 878 2203 H
897 2169 928 2203 Δ
945 2169 979 2203 o
1002 2170 1037 2203 N
1058 2169 1078 2204 1
1098 2172 1134 2205 Ω
1152 2171 1188 2204 N
1236 2153 1378 2226 (quae
1426 2157 1535 2208 urbs
1592 2155 1833 2209 Phocidis

167 2217 293 2290 erat)
349 2241 386 2274 N
407 2240 544 2276 ΕΩΚ
565 2242 600 2276 o
622 2244 792 2278 ΡΩΝε
848 2229 898 2278 &
948 2224 1031 2277 sub
1088 2227 1307 2281 Claudio
1386 2247 1831 2286 ΓΑΒΑΘΗΝΩΝ

172 2313 207 2346 Ν
226 2311 357 2347 Eoi<
378 2313 412 2347 o
434 2316 461 2348 P
478 2316 565 2349 ΩΝ
606 2297 748 2369 (quae
785 2299 893 2351 urbs
931 2300 978 2351 in
1024 2301 1225 2353 Galilaea
1259 2301 1404 2375 fuit.)
1476 2306 1578 2359 Sub
1625 2305 1837 2358 Nerone

169 2385 287 2447 yero
328 2386 1129 2446 ΚΡΙΣΑΙΩΝΝΕΩΚΟΡΩΝ
1165 2380 1215 2429 &
1258 2396 1636 2435 ΚΡΙΣΑῙΩΝ
1676 2378 1834 2450 (urbis

174 2459 221 2493 in
252 2441 501 2512 Phocide)
544 2464 579 2497 N
600 2463 789 2501 ΕΩΚΟ
810 2468 941 2503 ΡΩΝ
992 2450 1109 2503 sicut
1146 2455 1196 2503 &
1236 2469 1326 2505 CK
1351 2471 1371 2506 1
1396 2471 1558 2509 ΡΦΑΙ
1580 2473 1719 2508 ΑΩΝ
1759 2453 1837 2505 iti-

172 2515 288 2566 dem
329 2514 559 2569 Phocidis
589 2560 607 2578 ,
666 2518 751 2593 sub
787 2524 926 2577 cneco
965 2525 1182 2577 Claudio
1230 2526 1475 2600 rursusque
1511 2529 1595 2581 sub
1629 2527 1840 2580 Nerone

179 2606 519 2646 CEAAACC
543 2609 564 2643 1
587 2611 722 2647 EoN
769 2597 896 2652 urbis
951 2598 1250 2666 Laconicae3
1310 2607 1360 2655 ὃς
1402 2620 1628 2658 φΑΛΩΡ
1653 2621 1673 2656 1
1699 2620 1842 2657 ΤΩΝ

1053 2676 1083 2727 b
1101 2671 1128 2723 s
1691 2673 1853 2730 Thes-
