2139 3100
303 178 402 252 348
707 149 1566 229 DISSERTAT10·QUARTA

284 281 557 321 morantur:
597 277 651 314 ut
681 255 972 312 Tribont'ani
997 250 1165 313 Galli,
1204 257 1291 324 qui
1315 271 1431 306 cum
1469 253 1576 307 filio
1603 255 1875 311 Volusiano
1899 259 1963 313 fic

286 343 348 394 ab
375 332 774 393 Antiochensibus
798 326 1099 397 exprimitur.
1177 330 1335 399 Atqui
1373 331 1590 382 occurrit
1607 347 1835 402 ‘quoque
1862 332 1962 385 De-

288 417 351 468 cii
372 416 509 481 hujus
549 417 777 459 nummus
811 418 926 452 curn
967 398 1278 472 inscriptione
1327 404 1451 466 hae,
1496 421 1580 459 En
1605 422 1626 457 1
1697 421 1745 456 c.
1789 422 1825 456 Κ
1848 423 1962 459 OM,

291 508 321 542 Φ
367 493 747 540 ΓΛΥΚΩΝΟΟ
787 491 1297 530 ΠΕΡΓΑΜΕΝΩΝ
1336 497 1625 533 ΠΡΩΤΩΝ
1664 499 1700 533 r.
1737 497 1968 532 Nemeo-

292 579 451 616 ΡΩΝ,
495 555 648 624 idque
688 552 809 602 inter
843 568 1071 602 nummos
1104 553 1308 605 maximi
1344 554 1539 606 moduli
1575 573 1600 606 a
1625 553 1965 608 Celeberrimo

284 629 642 685 numismatario
667 625 934 679 Vaillantio
958 624 1143 677 editos:
1182 643 1359 699 nempe
1395 626 1531 682 fuere
1557 629 1641 681 hic
1675 630 1967 701 Pergameni

283 719 358 761 ter
386 704 631 760 Neocori5
671 700 815 752 semel
839 698 982 770 ipfius
1010 697 1191 760 Decii,
1229 699 1372 762 semel
1388 701 1674 764 Herennn',
1713 703 1858 755 semel
1880 704 1967 756 de-

283 782 431 852 nique
457 778 656 831 Barbiae
680 775 939 838 Orbianae3
979 792 1091 846 quae
1116 790 1243 826 uxor
1270 775 1447 840 Decii,
1493 795 1548 830 ac
1587 792 1736 830 mater
1773 778 1965 831 Heren-

284 855 351 907 nii
384 854 490 905 fuir.

353 929 553 982 interim
582 925 872 982 Vaillantius
895 926 958 979 ad
994 925 1138 978 istum
1165 943 1427 979 nummum
1456 925 1561 978 haec
1596 926 1842 999 sequentia
1876 946 1966 981 no-

285 1018 376 1057 tat:
425 1002 478 1054 A
502 1002 822 1075 Pergamenis
845 1000 991 1069 cnsus
1019 1001 1083 1065 esi
1115 1020 1349 1055 nummus
1381 1006 1435 1062 T
1424 1003 1603 1074 rajano
1626 1002 1811 1055 Decto.
1890 1002 1970 1055 Ht

283 1079 336 1147 fh
361 1082 551 1150 primos
581 1078 711 1152 Asiae
734 1075 966 1143 stilicet,
1006 1075 1068 1133 ὠ
1106 1089 1183 1129 ter
1221 1075 1475 1130 Neocoros
1516 1075 1826 1140 infhribunt3
1872 1094 1969 1130 non

288 1154 485 1226 quadem
508 1153 570 1206 ab
600 1153 694 1205 hoc
710 1155 937 1224 principe
955 1149 1153 1221 faft'os²
1192 1169 1305 1205 cnm
1330 1154 1427 1205 vix
1459 1152 1735 1203 triennium
1769 1152 1970 1222 imperii

290 1226 605 1281 inchoaverit
622 1257 638 1291 ,-
671 1226 769 1294 sed
809 1225 897 1278 hos
929 1227 1109 1280 titulos
1144 1226 1208 1280 ab
1245 1227 1365 1280 aliz-'s
1400 1223 1638 1298 Augustis
1664 1261 1681 1288 ‚
1728 1236 1785 1280 ut
1811 1226 1971 1297 fitpra

291 1303 475 1355 ciffum
501 1303 593 1371 est,
633 1312 940 1373 acceperant.

362 1379 548 1429 Verum
564 1378 695 1429 enim
708 1394 826 1431 vero
837 1393 900 1427 ex
921 1375 1064 1447 ipsius
1076 1413 1092 1439 ,
1118 1379 1169 1428 &
1181 1375 1387 1429 aliorum
1410 1374 1758 1429 nonnullorum
1774 1370 1974 1427 Dofifis-

289 1450 523 1502 simorum
555 1453 806 1512 virorum,
855 1450 1114 1519 hypothefi
1151 1453 1291 1503 urbes
1330 1452 1415 1522 (ut
1451 1450 1596 1521 ipsius
1618 1449 1850 1521 exemplo
1869 1450 1974 1518 jam

289 1522 427 1594 supra
455 1525 517 1575 de
543 1523 764 1592 Ephesiis
791 1522 1009 1573 addusto
1032 1521 1170 1592 utar)
1210 1540 1285 1576 ex.
1307 1542 1378 1594 gr.
1406 1523 1652 1593 Ephesus,
1691 1523 1778 1574 sub
1801 1521 1972 1573 Nero-

291 1616 350 1649 ne
375 1599 533 1668 prima
556 1599 663 1650 vice
694 1590 937 1664 Nswno'p&
964 1595 1116 1656 fasta,
1153 1594 1238 1646 sub
1263 1596 1483 1647 Adriano
1506 1596 1581 1646 bis
1612 1595 1843 1647 Νεοεονα
1888 1607 1972 1643 ex-

292 1673 415 1734 titit,
456 1690 512 1723 ac
536 1671 676 1723 terti&
702 1669 787 1722 sub
816 1670 1097 1730 Caracalla,
1140 1672 1237 1720 ὅτε.
1278 1669 1420 1739 quod
1450 1667 1480 1719 fi
1513 1667 1578 1719 ita
1608 1667 1870 1736 procedere
1885 1667 1973 1718 de-

292 1747 422 1807 buit,
460 1748 553 1811 jam
577 1743 661 1797 sub
679 1744 938 1799 Valeriano
963 1742 1391 1813 deciesquinquies
1417 1759 1472 1792 ac
1495 1741 1707 1811 pluries,
1747 1740 1977 1793 Neocora

293 1820 387 1873 esse
410 1820 598 1874 debuit.
670 1821 744 1874 At
764 1822 863 1887 jam
888 1817 974 1870 snb
994 1817 1189 1870 diversis
1215 1815 1514 1886 principibus
1539 1813 1584 1865 se
1610 1827 1687 1867 ter
1713 1813 1969 1867 Neocoros

295 1892 621 1965 inscripserant
664 1892 898 1963 Ephesii,
946 1890 1058 1961 pest
1096 1908 1213 1945 vero
1244 1888 1335 1941 sub
1372 1890 1471 1942 aliis
1497 1925 1511 1949 ,
1541 1903 1645 1940 ·aut
1683 1888 1965 1958 simpliciter

297 1968 591 2029 Nema-os,
629 1982 714 2020 aut
739 1969 884 2018 etiam
906 1967 1009 2019 bes:
1052 1966 1172 2038 quin
1207 1979 1373 2017 contra
1397 1977 1600 2036 quater,
1651 1981 1749 2015 non
1789 1963 1969 2024 addito

300 2039 333 2099 ἐ
355 2046 389 2096 ‘2³
416 2040 680 2112 ’Apie'pe18&.
726 2059 871 2113 quare
900 2039 1116 2111 objeffio
1143 2040 1225 2095 illa
1261 2056 1409 2111 quam
1449 2038 1516 2090 ibi
1553 2037 1641 2089 fibi
1674 2037 1774 2110 ipse
1813 2035 1930 2089 facit
1951 2072 1968 2100 ‚

299 2115 436 2166 slmul
466 2133 577 2166 cum
606 2117 846 2167 solutione
873 2115 1070 2168 corruit.

373 2189 532 2257 Qod
557 2204 718 2240 autem
746 2190 941 2242 alteram
974 2190 1106 2242 illam
1131 2188 1418 2260 opinionem
1444 2187 1652 2241 aliorum
1683 2190 1829 2242 etiam
1861 2205 1964 2239 ma-

299 2280 510 2335 gnorum
534 2263 746 2316 virorum
784 2266 992 2327 attinet3
1041 2264 1182 2336 quod
1225 2280 1401 2331 nempe
1427 2260 1511 2314 sub
1548 2281 1647 2316 uno
1685 2263 1967 2334 eodemque

301 2343 597 2408 Imperatore
611 2374 625 2398 ,
639 2340 819 2390 ratione
832 2357 1066 2392 annorum
1084 2337 1272 2408 imperii
1288 2335 1499 2408 ipsorum
1512 2372 1525 2397 ,
1541 2340 1782 2409 Νεωκρόοᾳ
1796 2354 1966 2392 nume-

297 2429 352 2462 ro
386 2414 677 2463 accreverint
690 2442 702 2475 3
753 2414 832 2465 illa
869 2425 1011 2466 certe·
1032 2410 1287 2465 destruitur
1323 2430 1408 2482 per
1431 2412 1560 2465 hunc
1599 2418 1798 2465 unicum
1823 2409 1966 2463 Decii

293 2503 581 2549 nummum,
619 2505 722 2558 quo
744 2488 1030 2561 Pergameni
1054 2500 1130 2540 ter
1151 2485 1368 2539 Neocort'
1407 2487 1578 2540 fiunt.’
1628 2493 1697 2540 Ac
1731 2500 1886 2545 certe,
1925 2483 1962 2536 fi

290 2561 402 2613 alins
427 2559 511 2612 ista
550 2563 671 2613 ratio
700 2564 873 2617 valeret
910 2562 995 2615 sub
1030 2560 1127 2615 istis
1165 2560 1545 2632 Imperatoribus
1589 2563 1675 2635 qui
1713 2578 1799 2632 per
1820 2556 1957 2611 XV.

288 2647 370 2685 aut
402 2635 576 2708 viginti
599 2653 751 2691 annos
774 2639 1098 2712 imperarunt,
1127 2637 1228 2708 jam
1254 2636 1358 2689 haec'
1383 2650 1463 2690 aut
1487 2636 1566 2692 illa
1593 2637 1703 2690 urbs
1727 2652 1840 2707 quae
1863 2632 1963 2703 pri-

1876 2724 1963 2759 mo
