2139 3100
505 115 729 169 SAcn1
769 111 1271 166 TAURoBoLn.
1636 131 1735 168 rot

49 210 221 284 (quod
261 209 422 263 minus
457 220 614 278 put0‚
656 222 712 257 ac
748 203 911 274 potius
945 203 1067 256 illud
1107 202 1379 258 PACIO
1419 202 1468 255 in
1510 202 1571 262 P.
1600 206 1733 260 AC-

51 287 102 341 C
121 288 143 340 1
159 287 214 339 O
253 278 577 352 mutandum)
616 280 697 334 vel
735 278 793 331 L.
826 281 867 331 A
883 278 931 331 C
948 278 997 330 C
1014 278 1107 331 10
1152 279 1260 331 AG
1280 278 1329 331 R
1345 278 1370 331 I
1384 277 1441 330 P.
1481 279 1736 335 abbrevia-

51 375 102 414 te
127 361 194 413 ita
215 377 308 431 pro
331 362 379 412 A
395 358 442 411 G
459 355 603 409 RlP
620 352 748 415 PE,
788 352 924 406 sicuti
947 352 1085 424 supra
1108 352 1178 405 bis
1199 352 1319 405 illud
1345 352 1457 406 AG
1473 354 1523 406 R
1538 355 1561 407 I
1576 355 1615 407 P
1631 356 1672 408 P
1688 358 1731 411 E

56 435 292 489 habemus
317 453 328 486 ε
384 448 563 502 nempe
616 427 763 480 semel
813 430 853 481 P
869 428 976 481 AC
996 429 1090 481 lO
1155 425 1264 481 AG
1280 427 1332 480 R
1347 429 1372 481 I
1387 428 1426 480 P
1442 429 1480 481 P
1501 430 1539 481 E
1591 429 1740 485 semel

52 509 337 564 ACCIO
377 501 793 560 AGKIPPE:
833 520 895 555 ex
932 503 1113 574 quibus
1150 501 1185 554 si
1211 519 1311 554 non
1343 501 1617 558 PACIO
1656 523 1734 559 re-

50 583 307 637 tinendum
324 618 339 644 ,
374 595 504 633 certe
528 579 582 632 id
607 579 656 630 in
685 577 743 633 L.
777 582 815 631 A
833 579 881 632 C
900 577 1056 630 CIO
1093 590 1176 630 aut
1214 577 1268 629 P.
1298 580 1345 629 A
1363 578 1412 630 C
1429 577 1478 630 C
1497 578 1589 631 IO
1623 598 1733 633 mu-

49 659 256 713 tandum
282 655 382 719 est,
419 654 562 728 quod
596 653 833 726 posterius
864 652 972 704 sane
1005 650 1314 724 praeferrem,
1350 652 1494 724 quod
1518 653 1570 705 id
1595 655 1643 706 in
1662 657 1733 710 la-

52 733 171 805 pide
195 731 347 804 magis
370 731 561 802 integro
583 742 743 782 extet:
788 728 1015 800 quamvis
1044 726 1244 780 Le&ori
1259 727 1506 798 judicium
1539 726 1623 781 hic
1648 729 1740 802 (fi-

51 810 211 860 cut&
242 805 387 878 alibi)
414 807 710 877 relinquam.
782 802 938 856 Porro
981 801 1231 855 AFRM
1277 800 1406 854 istud
1440 805 1738 860 mutandum

52 880 147 936 effe
182 882 231 934 in
260 879 566 941 AGRIP,
615 879 730 932 inde
765 894 971 949 quoque
1005 875 1172 948 potius
1203 876 1532 941 crediderim,
1593 881 1737 951 quod

49 956 302 1011 videamus
331 953 541 1025 persaepe
563 954 720 1006 literas
745 951 1004 1013 vetustate,
1037 965 1119 1004 aut
1152 951 1243 1004 alia
1267 953 1464 1021 injuria,
1498 956 1735 1025 temporis

50 1045 133 1082 aut
157 1030 422 1082 hominum
448 1042 698 1099 corruptas
720 1040 803 1079 aut
826 1027 1040 1080 exoletas
1052 1063 1070 1090 ,
1105 1043 1167 1078 ex
1187 1027 1464 1087 comestura
1489 1026 1613 1098 saepe
1649 1030 1736 1082 de-

53 1102 193 1156 scribi
213 1104 280 1155 ita
293 1140 308 1166 ,
330 1116 479 1173 prout
494 1102 545 1154 hi
557 1101 875 1172 descriptores
889 1101 1042 1173 magis
1055 1101 1195 1154 dosti
1215 1100 1469 1155 indofflve
1480 1104 1605 1155 circa
1621 1105 1732 1158 talia

51 1175 229 1231 fuerint
243 1196 265 1237 ;
302 1178 530 1249 aliosque
552 1176 765 1248 lapides,
791 1175 1053 1247 praesertim
1075 1174 1239 1228 similis
1251 1177 1550 1247 argumenti,
1580 1181 1734 1250 magis

52 1250 273 1304 minusve
298 1251 643 1304 consuluerint:
690 1251 866 1323 quibus
893 1251 1038 1303 etiam
1061 1251 1289 1303 accedere
1315 1250 1476 1321 potest
1506 1252 1656 1325 (ficut
1680 1254 1734 1306 id

52 1325 202 1376 etiam
225 1325 453 1394 exempla
478 1323 690 1397 docent)
716 1324 869 1397 spatia
897 1325 978 1378 illa
999 1326 1152 1398 magis
1179 1324 1397 1378 minusve
1414 1328 1614 1398 angusta
1651 1344 1735 1382 aut

53 1396 223 1449 latiora
266 1398 496 1469 relinqui,
535 1419 646 1471 quae
683 1402 806 1454 inter
834 1414 1112 1470 corruptaS,
1160 1413 1245 1451 aut
1283 1400 1494 1462 deletaS,
1543 1406 1594 1454 &
1630 1403 1732 1456 illas

53 1488 166 1541 quae
187 1472 386 1541 integrae
407 1472 582 1524 restant
605 1473 752 1524 literae
765 1509 783 1534 ,
819 1474 1149 1524 intercedunt:
1187 1474 1330 1541 quod
1354 1473 1389 1525 si
1412 1476 1493 1527 hic
1528 1494 1628 1529 non
1653 1496 1733 1529 ac-

50 1544 248 1604 ciderit,
285 1544 375 1595 alia
400 1546 626 1616 exempla
650 1562 741 1598 nos
766 1544 872 1596 satis
906 1545 1091 1596 docent
1121 1544 1280 1597 literas
1303 1563 1552 1617 corruptas
1578 1549 1734 1620 perfa-

50 1616 140 1669 cile
170 1617 295 1669 male
317 1616 532 1671 describi.
568 1620 695 1672 circa
727 1618 840 1671 talia
862 1618 1009 1690 igitur
1037 1619 1328 1688 conjefflmris
1363 1622 1603 1677 utendum
1615 1654 1635 1687 ,-
1673 1643 1731 1678 ac

51 1690 179 1745 valet
202 1692 416 1745 maxime
448 1690 578 1745 istud
609 1692 954 1763 proverbium,
1013 1692 1125 1760 Qui
1156 1694 1276 1748 bene
1310 1700 1569 1768 conjecerit
1607 1700 1730 1754 Rex

55 1765 161 1835 esto.
229 1765 386 1833 Quod
412 1784 472 1818 an
497 1765 620 1819 mihi
641 1767 724 1820 hic
745 1765 1017 1821 successerit
1038 1769 1215 1821 eruditi
1233 1769 1472 1838 judicent.

124 1841 322 1894 Interim
343 1840 494 1893 credo
528 1845 578 1893 ὃς
603 1841 702 1894 hoc
733 1842 921 1914 aliquid
957 1860 1052 1913 pro
1088 1860 1197 1895 mea
1230 1842 1392 1896 facere
1422 1846 1729 1913 conje&ura,

55 1915 192 1986 quod
211 1915 290 1969 ille
311 1916 408 1970 sive
431 1914 500 1968 P.
532 1915 630 1969 five
652 1917 720 1970 L.
749 1918 940 1970 Accius
965 1916 1107 1970 simul
1120 1954 1136 1980 ,
1184 1916 1264 1970 seu
1288 1920 1467 1973 eodem
1499 1934 1728 1993 tempore

54 2005 166 2042 cum
198 1989 466 2066 TrajaniO,
501 1990 764 2046 Nondinio
785 1990 848 2050 ὠ·
874 1991 1156 2065 Zmynthio
1182 1990 1473 2048 Proculiani
1507 1993 1729 2052 sacerdos

57 2060 225 2127 fuerit,
258 2065 410 2138 idque
430 2064 616 2119 sacrum
641 2065 1072 2120 administraverit:
1112 2068 1234 2120 ficut
1263 2081 1365 2123 tam
1391 2087 1453 2123 ex
1480 2069 1579 2124 hoc
1601 2091 1728 2128 mar-

59 2153 218 2201 more,
256 2159 405 2211 quam
434 2158 495 2193 ex
518 2141 621 2195 aliis
645 2160 852 2215 quoque
871 2140 1012 2213 supra
1036 2142 1188 2204 allatis
1209 2143 1336 2195 clare
1357 2143 1529 2215 liquet.

132 2211 357 2267 Praeterea
377 2233 439 2268 ex
462 2214 589 2269 hisce
623 2216 1019 2289 inscriptionibus
1041 2216 1269 2271 discimus
1293 2219 1465 2290 quod,
1500 2238 1616 2273 cum
1644 2223 1727 2277 alii

58 2284 224 2338 aliaeve
249 2289 392 2342 unico
421 2304 607 2345 tantum
645 2293 694 2345 in
730 2293 823 2345 hac
849 2293 1147 2357 initiatione,
1181 2307 1424 2347 uterentur
1444 2293 1724 2361 sacerdote,

60 2359 178 2411 alios
207 2360 375 2414 aliasve
409 2380 576 2420 contra
607 2367 837 2431 duobus,
875 2372 994 2439 quin
1029 2373 1081 2421 &
1116 2367 1368 2439 pluribuS,
1416 2368 1524 2422 usos
1557 2369 1721 2425 fuisse:

61 2432 230 2500 (sicuti
251 2434 305 2485 id
329 2450 454 2505 patet
479 2458 540 2492 ex
561 2441 647 2494 ista
665 2443 975 2514 inscriptione
991 2479 1005 2504 ,
1046 2462 1159 2515 quae
1182 2444 1317 2514 apud
1341 2444 1585 2515 Sponium
1611 2464 1724 2518 pag.

60 2547 284 2560 .....
325 2511 602 2577 exhibetur,
637 2536 847 2590 quaeque
874 2519 1057 2588 integra
1070 2520 1173 2588 jam
1198 2517 1334 2590 supra
1359 2518 1455 2571 fuit
1479 2518 1723 2593 addusta)

56 2580 184 2635 hisce
197 2581 374 2637 scilicet
401 2589 762 2646 immolantibm
777 2629 791 2655 ,
827 2594 919 2646 illis
942 2594 1088 2646 verba
1105 2594 1472 2667 praeeuntibus,
1509 2594 1622 2675 aliis·
1637 2597 1723 2647 de-

842 2667 893 2720 N
945 2685 971 2738 3
1578 2686 1735 2742 mque.
1764 2699 1766 2701 ·
