2139 3100
326 231 391 287 28
676 220 776 274 DE
812 199 1658 267 Oaxemx-:ACRr-rnus

330 318 510 380 Matri
544 314 775 370 ‘Deorum
793 343 807 368 ,
847 304 898 359 S.
927 300 1008 354 M.
1036 300 1113 352 Μ.
1152 294 1231 351 seu
1255 294 1466 351 Sacrum
1495 294 1707 370 Magne
1727 297 1932 364 Matri,
1959 301 2038 358 vel

334 396 417 451 M.
450 393 514 444 D.
542 389 619 443 M.
645 389 683 441 Ι.
723 379 937 448 Magnae
955 374 1193 429 Deorum
1221 371 1388 424 Matrt
1416 368 1576 433 Ideae,
1635 372 1714 426 vel
1755 377 1836 428 M.
1864 373 1932 426 D.
1958 377 2038 430 M,
2120 411 2130 416 -

337 469 545 541 Magnae
582 463 808 538 ‘Deorum
864 451 1032 506 Matri
1056 484 1072 512 ,
1135 446 1216 531 vel
1257 444 1418 501 IMP
1439 446 1474 497 E
1498 446 1676 501 RIO.
1718 449 1785 503 D.
1827 450 1904 503 Μ.
1957 450 2037 505 seu

338 544 572 598 Deorum
640 532 834 586 Nlatrts
861 563 876 590 ‚
933 522 1012 576 seu
1073 522 1287 594 denique
1363 519 1486 576 MA
1502 520 1554 572 T
1573 522 1625 574 R
1639 521 1675 575 I.
1755 521 1807 575 D
1824 523 1862 575 E
1884 522 1936 576 U
1952 525 2036 580 M.

339 618 405 673 M
427 616 528 669 AG
550 604 722 692 NAE
777 599 1059 657 lDAEAE
1088 640 1110 664 ,
1158 611 1241 650 aut
1275 595 1426 650 etiam
1456 597 1523 650 D.
1555 595 1634 649 M.
1676 597 2034 654 IDAEAE.

341 692 480 815 MAAt
503 688 565 815 eli<
588 683 807 830 issqliienti
831 749 1167 821 inscriptione,
1204 744 1359 828 videri
1393 744 1552 818 posset
1591 747 1737 803 etiam
1767 748 1900 822 Jovi
1931 750 2035 824 Op-

342 842 468 894 timo
493 835 727 892 Maximo
751 832 859 884 haec
881 828 1026 882 Sacra
1051 824 1212 878 dicata
1238 818 1380 876 fuisse

970 987 1006 1036 Ι.
1139 985 1203 1035 Ο.
1332 983 1394 1031 Μ

713 1071 1106 1126 VERINUS.
1178 1068 1667 1121 SEVERINUS

944 1155 1433 1208 ALBUCIUS

803 1246 849 1295 C
883 1246 935 1294 R
972 1246 996 1293 I
1040 1244 1089 1291 O
1129 1247 1167 1293 B
1204 1244 1252 1292 O
1289 1243 1333 1290 L
1374 1245 1394 1292 I
1433 1242 1478 1293 U
1512 1245 1573 1293 M

953 1332 1444 1385 RESTITUIT

417 1483 608 1539 Verum
638 1478 809 1532 nullibi
843 1491 979 1551 patet
1002 1477 1110 1532 haec
1141 1476 1285 1532 Sacra
1315 1476 1452 1550 Jovi
1476 1474 1617 1531 fuisse
1652 1474 1813 1539 faeta,
1851 1474 1930 1531 vel
1961 1474 2040 1528 di-

348 1573 476 1616 cata.
553 1558 718 1618 Quare
741 1552 874 1604 unde
900 1553 982 1602 ille
1019 1552 1127 1601 talis
1150 1551 1479 1618 inscriptionis
1515 1553 1685 1603 titulus
1719 1566 1857 1603 ortus
1893 1549 2043 1603 fuerit

348 1633 557 1685 breviter
577 1625 958 1697 disquirendum.
1036 1623 1214 1675 Credo
1246 1621 1396 1690 igitur
1419 1638 1632 1673 errorem
1667 1622 1750 1673 hic
1779 1623 2040 1694 irrepsisse,

349 1723 412 1761 ex
450 1701 623 1759 vitiosa
648 1700 787 1770 hujus
821 1696 1144 1770 inscriptionis
1177 1693 1536 1765 descriptione:
1587 1714 1773 1768 quum,
1829 1714 2036 1768 nempe,

346 1779 587 1834 vetustate
634 1774 890 1828 exoletum
915 1808 932 1835 ,
989 1770 1070 1824 seu
1108 1770 1288 1843 partim
1327 1768 1549 1823 deletum
1581 1771 1671 1834 D,
1710 1771 1887 1825 amiffis
1927 1789 2038 1824 cor·

346 1855 571 1914 rosione,
608 1864 691 1903 aut
715 1848 960 1912 allisione,
996 1845 1216 1918 apicibus
1248 1844 1299 1896 in
1332 1845 1389 1896 Ο
1415 1859 1661 1897 mutatum
1690 1844 1773 1908 fit;
1811 1847 2040 1918 adeoque

348 1928 646 2001 legendum,
686 1925 812 1978 Ideae
841 1923 1073 1976 Deorum
1101 1918 1301 1979 Matri3
1348 1918 1428 1970 vel
1465 1935 1527 1971 ex
1566 1918 1810 1990 scriptoris
1847 1920 1944 1973 five
1966 1918 2042 1973 fe-

349 2003 633 2062 stinatione,
671 1998 767 2052 sive
791 1997 882 2050 alia
905 1993 1116 2067 ableplia
1142 1992 1197 2046 O
1220 2010 1314 2064 pro
1337 1991 1391 2044 D
1419 1989 1559 2046 fuisse
1588 1992 1917 2065 descriptum:
1961 1996 2038 2049 ni-

350 2079 418 2141 fi,
454 2077 678 2136 tandem,
714 2073 768 2125 id
797 2073 975 2128 vitium
999 2068 1221 2143 lapidarii
1249 2080 1334 2119 aut
1367 2066 1611 2139 ablepfia,
1647 2082 1729 2120 aut
1762 2069 2038 2141 ignorantia

351 2152 555 2224 irrepsit.
632 2149 876 2221 Namque
907 2148 1020 2200 alias
1031 2184 1047 2211 ,
1082 2161 1200 2200 meo
1225 2141 1420 2214 judicio
1448 2142 1715 2215 legendum
1747 2141 1876 2196 foret
1908 2144 2038 2197 Ideae

354 2230 579 2300 Optimae
633 2226 816 2280 Matri.
867 2222 1010 2295 quod
1047 2220 1112 2275 de
1149 2218 1242 2272 hac
1289 2219 1401 2272 Dea
1449 2219 1609 2273 minus
1660 2219 1844 2272 mirum
1882 2218 2038 2273 videri

350 2303 513 2358 debet.

427 2379 558 2442 Quae
581 2387 742 2428 autern
766 2371 1032 2427 Gutherius
1056 2371 1203 2425 habet
1234 2368 1298 2422 de
1331 2367 1652 2425 Tauroboliis
1684 2366 1886 2422 Dianae
1911 2367 2033 2422 Ma·
2073 2366 2077 2372 '

349 2453 451 2514 tri,
499 2457 547 2506 δε
576 2447 744 2505 Matre·
787 2448 983 2502 Dianae
1010 2452 1062 2501 δε
1107 2446 1275 2499 Matri
1313 2446 1521 2518 Magnae
1549 2443 1751 2497 Dianae
1780 2443 1934 2496 Sacris
1969 2456 2032 2492 ex

346 2526 498 2580 literis
536 2524 605 2578 D.
631 2525 711 2579 M.
752 2529 801 2577 ὅτ
841 2523 887 2577 S.
916 2523 992 2577 M.
1019 2522 1089 2576 D.
1125 2526 1175 2575 ὃς
1207 2518 1287 2574 Μ.
1314 2520 1394 2573 Μ.
1422 2524 1486 2574 D.
1538 2537 1752 2590 quaeque
1787 2534 1935 2590 porro
1966 2513 2031 2565 de

345 2600 529 2671 triplici
559 2596 903 2661 Taurobolio‚
958 2616 980 2650 1
1009 2595 1163 2667 Istdi,
1215 2611 1241 2646 2
1270 2595 1497 2657 Dianae,
1553 2612 1579 2665 3
1612 2596 1807 2652 Cereri,
1857 2587 2030 2653 fastis,

344 2673 593 2750 tribusque
617 2675 705 2732 aris
725 2672 840 2746 ipsis
863 2672 1102 2731 instruitis
1129 2670 1335 2727 Sacrum
1357 2669 1457 2729 hoc
1470 2668 1723 2743 perauum
1744 2665 1880 2724 fuine
1901 2661 2031 2716 affir-

1899 2751 2034 2806 mat}
