2139 3100
221 150 325 204 DE
364 145 598 201 Nssoc.
637 146 935 202 SACERD.
973 147 1024 197 δε
1054 142 1873 220 URB113.N,1-:ocoR1S.319

88 272 98 277 -
186 240 304 294 dem
340 239 642 313 exipsorum
671 239 913 306 nummi8‚
954 238 1096 309 quod
1130 237 1309 303 sciam,
1348 239 1539 293 ostendi
1562 241 1747 313 potest:
1787 239 1875 294 nifi

189 316 332 388 quod
377 320 424 369 1'n
461 318 683 386 quodam
738 313 1022 367 Commodi
1070 331 1277 367 nummo
1326 317 1589 386 reperiatur
1638 336 1659 370 1
1685 336 1715 370 E
1735 337 1764 370 P
1781 335 1817 369 o
1837 336 1873 370 c

194 407 375 445 ΑΓΩΝ
419 411 456 445 N
479 411 496 443 1
520 408 555 442 K
579 407 613 441 A
638 411 656 443 1
680 408 818 443 ΕΩΝ
856 392 902 440 m
926 388 1023 440 alio
1080 406 1172 441 Ko
1196 407 1436 444 MOAEI
1459 408 1494 443 A
1550 409 1872 446 NIKAIEQN

189 465 240 517 in
264 464 530 518 aliorursus
570 483 664 517 ΚΟ
688 481 942 517 ΜΟΔΟΥ
983 481 1117 516 BAc
1141 482 1161 516 1
1186 484 1220 518 A
1243 482 1594 519 ETONToc
1637 486 1672 521 ο
1720 485 1879 521 Koc-

195 559 351 594 Moc
433 558 663 594 ΕΥΤΥΧ
687 558 716 591 E
739 558 783 592 1.
868 558 904 591 N
927 556 948 591 1
973 556 1065 592 ΚΑ
1089 558 1109 592 1
1137 558 1297 592 ΕΩΝ.
1373 539 1451 591 Ex
1493 543 1669 613 quibus
1708 547 1874 611 conje-

191 614 378 668 ‹sturam
407 613 554 667 facias
570 657 592 678 ,
618 616 728 668 illos
750 616 850 681 jam
871 613 955 665 sub
986 614 1285 667 Commodo
1310 612 1560 668 Neocoros
1584 614 1747 680 fuiffe3
1785 617 1871 672 sal-

191 703 294 742 tem
318 689 464 741 istum
487 690 732 743 honorem
759 686 989 740 ambiisse.

261 767 334 816 At
357 779 573 818 revertor
596 766 761 820 denuo
788 764 852 817 ad
877 763 1093 816 Dionem
1112 805 1132 826 ,
1171 763 1261 837 qui
1283 761 1446 817 addit:
1486 761 1553 816 Id
1573 763 1637 818 ab
1660 763 1751 818 hoc
1775 768 1887 819 ini--

190 839 264 892 tio
289 840 512 893 trabium
551 841 853 912 relzquorum
888 841 942 892 in
977 838 1208 892 honorem
1244 839 1639 909 Imperatorum,
1689 859 1787 894 non
1817 845 1870 894 in

191 911 384 967 Graecis
419 926 621 967 tantum
638 915 927 966 Provinctis
942 911 1154 984 fat’t'um
1167 913 1248 976 est.
1329 913 1493 983 Qod-
1511 913 1672 986 jamin
1690 916 1885 968 Meffa,

188 1004 362 1041 norum
395 1005 604 1040 nummo
631 1002 766 1059 pater
798 1006 808 1038 :
857 988 978 1040 ficut
1010 992 1060 1040 δε
1094 988 1184 1040 alia
1217 988 1482 1059 exempla,
1520 993 1572 1040 δε
1607 988 1721 1042 data
1761 989 1868 1044 sunt

189 1060 272 1133 (ut
300 1061 365 1113 de
389 1061 582 1114 Sebaste
618 1060 747 1132 Sec.)
785 1065 836 1114 δε
869 1062 1034 1117 adhuc
1070 1065 1373 1133 procedente
1409 1075 1643 1115 contextu
1675 1065 1869 1119 dabun-

186 1148 281 1188 tur.
360 1139 437 1189 De
474 1131 846 1207 Sm'yrnenfibus
880 1152 1042 1190 autern
1074 1138 1178 1189 haec
1216 1137 1352 1210 apud
1380 1137 1619 1191 Tacitum
1651 1139 1732 1191 lib.
1760 1141 1867 1195 IV.

186 1228 294 1280 cap.
327 1230 350 1281 3
361 1222 408 1280 ς’.
435 1211 680 1265 videmus:
721 1212 824 1265 Sed
852 1211 1016 1282 Caestzr
1038 1232 1130 1286 quo
1154 1211 1354 1280 famam
1381 1224 1665 1274 averteret,
1705 1216 1865 1287 adesse

173 1282 418 1356 frequens
443 1285 682 1350 Senatui,
732 1287 1007 1362 legatosque
1049 1287 1180 1356 Astae
1205 1287 1514 1359 ambigentes
1550 1307 1771 1360 quanam
1809 1308 1865 1343 tn

185 1360 404 1412 civitate
442 1360 697 1433 Templum
732 1366 1040 1429 statueretur
1064 1397 1078 1423 ‚
1122 1363 1291 1433 plures
1336 1376 1420 1432 per
1469 1362 1576 1414 dies
1638 1364 1883 1418 oaldi-vit.-

187 1431 433 1487 Undecim
460 1437 600 1487 urbes
621 1436 888 1488 certabant
908 1439 1029 1504 pari
1064 1436 1363 1494 ambitione,
1404 1437 1603 1489 viribus
1639 1438 1864 1503 deversae.

184 1505 369 1579 Neque
396 1508 610 1560 multum
623 1512 755 1560 inter
765 1507 826 1571 se
850 1507 1096 1575 dzstantia
1117 1508 1487 1570 memorabant,
1527 1511 1584 1563 de
1612 1512 1863 1581 vetustate

174 1584 397 1650 generos,
423 1579 600 1648 studio
637 1585 692 1633 in
711 1580 950 1651 populum
977 1579 1292 1642 Romanum,
1332 1597 1418 1653 per
1445 1583 1573 1638 bella
1604 1583 1772 1654 Persei
1797 1588 1861 1645 (J

92 1662 96 1665 ’
179 1653 488 1728 LArzstomci
516 1654 826 1725 altorumque
856 1673 1039 1726 regum.
1118 1655 1300 1708 Verum
1339 1655 1611 1728 Hypaepeni
1639 1658 1858 1715 Trallia-

180 1730 325 1800 nique
350 1726 659 1781 Laodicenis
685 1726 747 1786 c&
780 1726 1105 1802 Magnetzbus
1119 1727 1280 1797 stmul
1308 1731 1544 1801 tramzffi',
1586 1746 1644 1786 ut
1672 1749 1859 1806 parum

179 1801 364 1856 validi.
453 1801 539 1855 Ne
571 1800 776 1873 Ilzenstes
801 1804 1026 1875 quidem,
1063 1822 1176 1857 cum
1197 1817 1467 1875 parentem
1507 1809 1643 1861 urbes
1680 1810 1856 1865 Romae

183 1874 238 1927 T
229 1876 387 1946 rojam
412 1874 684 1947 referrent,
721 1897 772 1932 nt
793 1899 811 1932 z
842 1880 1176 1950 anttquz'tatis
1188 1877 1353 1950 gloria
1373 1881 1642 1950 pollebant.
1716 1883 1856 1938 Pau-

182 1949 284 2002 lum
309 1947 663 2007 addubitatum
688 1953 825 2026 quod
851 1951 1210 2020 Halicarnaffit
1246 1953 1380 2007 mille
1403 1952 1465 2011 ὠ
1493 1956 1732 2011 ducentos
1770 1976 1855 2032 per

182 2041 336 2077 annos
349 2027 482 2080 nullo
495 2041 631 2081 motu
647 2040 792 2081 terrae
805 2029 1128 2081 mutaverint
1126 2025 1273 2094 fides
1271 2027 1401 2094 suas
1406 2064 1422 2090 ,
1433 2032 1656 2104 vivoque
1670 2051 1720 2086 zn
1719 2033 1855 2101 saxo

166 2095 511 2168 fundamenta
547 2101 738 2174 Templa
770 2104 1190 2174 asseveraverint.
1273 2101 1615 2174 Pergamenos
1649 2106 1732 2180 (eo
1757 2110 1855 2181 tpso

182 2173 502 2246 nitebantur)
533 2178 644 2231 aede
688 2178 744 2230 A
761 2180 818 2232 V
819 2178 869 2231 G
883 2180 940 2231 V
941 2176 976 2230 S
993 2177 1094 2229 TO
1133 2176 1203 2227 ibi
1226 2176 1333 2246 sita
1354 2177 1494 2246 satis
1521 2179 1728 2251 adeptos
1749 2202 1852 2237 cre-

182 2245 359 2300 ditum.
437 2250 666 2321 Ephcfiz',
710 2252 1018 2326 Milefitque‚
1054 2249 1109 2302 hi
1132 2250 1388 2321 Apolltnis
1423 2253 1501 2306 illc·
1531 2254 1728 2310 Dt'anae
1762 2275 1853 2310 cae-

182 2324 397 2400 remonia
422 2329 729 2398 occupavzſje
739 2332 989 2383 civitates
1005 2323 1111 2391 τιή.
1183 2321 1271 2378 Ita
1308 2325 1347 2379 S
1359 2328 1416 2379 A
1427 2326 1475 2378 R
1489 2327 1554 2381 D
1568 2328 1607 2378 I
1608 2331 1665 2383 A
1675 2330 1741 2384 N
1753 2331 1799 2380 O
1813 2330 1854 2383 S

183 2406 333 2452 mter,
350 2396 508 2450 SMY
498 2398 549 2451 R
558 2399 622 2452 N
619 2406 736 2464 2AE
744 2404 839 2457 OS
839 2401 998 2476 QVE
1008 2399 1344 2454 deliberatum.
1355 2400 1590 2456 Sardiani
1601 2405 1852 2458 decretum

180 2467 407 2523 Etruriae
431 2476 731 2540 recitavere,
769 2493 828 2534 ut
854 2476 1211 2551 consanguinei.
1237 2474 1382 2530 Nam
1413 2476 1720 2546 Tyrrhenum
1750 2478 1850 2549 Ly.

180 2543 393 2617 dumque
418 2548 588 2618 «Atye
607 2568 719 2623 rege
732 2558 971 2625 genitos,
1013 2554 1069 2605 ob
1090 2550 1459 2605 multitudinem
1488 2550 1703 2621 divisiffi’
1724 2571 1853 2625 gen·-

180 2628 298 2676 tem.
371 2619 567 2687 Lydum
593 2632 782 2696 patriis
813 2633 874 2684 in
905 2630 1055 2685 terris
1091 2622 1334 2697 refi’diffe,
1383 2626 1633 2691 Tyrrheno
1672 2626 1849 2682 datum

1686 2719 1855 2758 novas·
