2139 3100
526 145 752 201 SACRI
793 145 1303 199 TAUROBOLII.
1683 156 1750 211 43

264 265 326 318 L.
366 260 838 318 CORNELIUS.
879 257 1142 314 SCIPIO.
1189 255 1537 312 ORFITUS

271 367 341 422 V.
408 365 475 419 C.
539 364 882 418 AUGUR.
939 361 1541 427 TAUROBOLIUM

274 470 489 532 SIVE.
563 472 1188 541 CRIOBOLIUM.
1248 473 1528 532 FECIT

475 595 634 650 DIE.
686 582 818 655 1111.
874 593 1069 658 ΚΑΒ,
1106 599 1335 655 MART

324 708 611 764 Tusco,
652 707 768 764 ET.
806 707 1262 764 ANNULINO.
1311 710 1497 766 coss

128 895 187 949 In
227 910 327 965 qua
365 893 611 967 postrema
643 893 956 965 inscriptione
980 891 1100 961 five
1135 911 1229 965 pro
1263 894 1325 954 όν
1361 894 1581 966 politum
1620 897 1756 951 vide-

56 985 151 1025 tur.
178 985 338 1041 neque
351 970 404 1023 id
418 971 555 1023 aliter
565 969 775 1042 intelligi
787 968 938 1021 debet
955 997 970 1031 3
985 986 1100 1021 cum
1118 967 1203 1022 hic
1216 969 1406 1024 nullum
1422 971 1511 1044 ipfi
1525 972 1698 1028 dedica
1706 992 1760 1025 n-

59 1046 98 1098 ti
127 1045 306 1098 Orfito
330 1045 538 1097 dubium
562 1043 1027 1116 haererejpotuerit,
1072 1061 1132 1096 an
1157 1057 1330 1109 taum,
1371 1063 1430 1099 an
1456 1065 1576 1101 vero
1601 1053 1763 1103 ariete

61 1117 251 1172 feciffet
274 1117 371 1171 hoc
398 1119 624 1173 Sacrum.
697 1113 768 1172 A't
793 1119 925 1172 'vitio
959 1119 1041 1172 vel
1065 1119 1417 1191 lapidariorum
1433 1158 1449 1185 ‚
1504 1123 1585 1176 vel
1613 1125 1764 1179 etiam

60 1192 279 1263 ipsorum
304 1194 639 1247 dedicantium
675 1192 801 1264 saepe
835 1194 1082 1266 contigit,
1122 1208 1175 1246 ut
1207 1195 1561 1268 orthographia
1600 1202 1761 1252 minus

62 1268 194 1320 reste
233 1266 590 1329 observaretur,
639 1266 717 1319 vel
750 1266 880 1321 casus
918 1284 1005 1320 aut
1041 1271 1262 1340 tegimen
1310 1270 1396 1340 (ut
1434 1271 1760 1326 Grammatici

63 1340 354 1410 loquuntur)
379 1339 810 1393 confunderentur.
885 1342 1046 1407 Quod
1072 1342 1144 1394 uti
1173 1342 1222 1393 in
1255 1357 1383 1395 voce
1411 1343 1763 1417 Tauropolium

62 1432 156 1483 pro
196 1411 545 1469 Taztroboli'um
574 1414 638 1467 de
675 1417 739 1468 M
761 1415 1052 1469 lNOTA
1074 1416 1296 1477 URO,
1348 1417 1667 1473 MINOT
1689 1422 1765 1474 Y-

64 1489 174 1540 &A
197 1489 245 1539 N-
268 1487 319 1551 I,
370 1491 463 1538 &c.
517 1507 608 1557 pro
659 1488 1262 1541 MENOTYRAN
1285 1490 1451 1553 ΝΟ,
1513 1492 1763 1559 ostendit,

59 1561 123 1613 sic
146 1564 196 1612 δε
222 1561 276 1612 id
298 1576 359 1610 ex
390 1560 462 1611 his
494 1561 732 1632 loquendi
760 1562 923 1613 modis
949 1577 1037 1632 per
1055 1559 1329 1614 Sacerdote
1355 1582 1449 1634 pro
1478 1581 1563 1637 per
1590 1568 1764 1623 Sacer·

58 1635 218 1687 dotem
251 1651 308 1685 ac
335 1634 537 1701 βατάνι’
568 1634 829 1703 fecerunt,
874 1640 925 1688 ὃ(
952 1637 1166 1702 ftvivo
1203 1638 1275 1689 uti
1299 1642 1349 1690 δε
1370 1638 1433 1705 st’
1472 1643 1641 1695 vivus
1675 1659 1762 1715 po-

45 1708 156 1778 suit
180 1721 341 1778 patet,
391 1725 454 1760 ex
481 1708 686 1780 aliisque
710 1710 930 1780 pluribus
953 1710 1152 1762 ulterius
1177 1710 1371 1765 ostendi
1396 1715 1568 1785 poslet.
1648 1718 1759 1771 Ne.

59 1798 155 1854 que
186 1783 316 1834 enim
352 1800 525 1836 omnes
562 1783 749 1837 Romae
784 1784 1023 1838 dedicatae
1056 1781 1255 1838 fuerunt
1282 1823 1298 1848 ‚
1361 1807 1523 1861 neque
1569 1790 1758 1864 semper

59 1858 118 1909 ab
165 1857 360 1927 optime*
407 1859 778 1929 grammaticam
815 1901 836 1921 ,
910 1859 1385 1931 orthographiamve
1437 1864 1753 1921 callentibus:

61 1933 200 2003 quod
227 1951 323 1984 non
348 1931 507 1986 solum
535 1934 584 1986 in
612 1933 885 1987 Provinciis
897 1971 914 1996 ,
964 1952 1135 1988 verum
1159 1940 1206 1990 δε
1233 1937 1282 1987 in
1320 1936 1422 2007 ipsa
1446 1938 1612 2003 Italia,
1652 1944 1757 1996 imo

63 2006 160 2077 ipsa
186 2007 301 2060 urbe
329 2008 500 2061 Roma
532 2008 701 2062 locum
727 2009 901 2063 habere
926 2011 1104 2081 potuit.
1181 2014 1404 2065 Accedat
1440 2012 1569 2067 hisce
1595 2020 1647 2069 ὃς
1673 2035 1760 2072 ex-

63 2080 347 2151 scriptorum
382 2082 717 2147 festinatione,
765 2099 852 2138 aut
895 2084 1107 2156 ablepfia
1127 2121 1145 2148 ,
1196 2086 1310 2139 talia
1357 2090 1611 2143 committi
1656 2111 1756 2164 po..

12 2154 17 2157 ’
48 2154 224 2207 tuisse:
263 2158 406 2230 quale
429 2159 725 2231 exemplum
749 2160 1030 2214 videbimus
1059 2161 1110 2213 in
1144 2157 1537 2234 inscriptionibus
1565 2184 1653 2237 per
1685 2170 1763 2222 di-

68 2230 226 2284 versos
248 2233 568 2307 exscriptores
590 2235 858 2294 exhibitis;
899 2237 947 2288 in
974 2236 1154 2308 quibus
1174 2254 1299 2291 unus
1321 2240 1527 2311 quidem
1555 2247 1728 2299 movit
1741 2281 1758 2308 ‚

74 2305 194 2357 alter
222 2325 339 2359 vero
361 2315 557 2366 monuit
581 2310 798 2365 exhibet.

154 2379 254 2434 Vel
275 2381 486 2457 denique
509 2400 690 2459 quarto
714 2386 854 2440 simul
881 2385 1135 2440 Criobolz'a
1172 2401 1320 2460 atque
1346 2390 1654 2463 qAEgibolz'a
1683 2413 1761 2446 ce-

70 2452 402 2520 lebrabantur,
438 2462 719 2527 cujusmodi
746 2463 880 2517 Sacri
909 2462 1199 2534 exemplum
1222 2464 1459 2518 habemus
1480 2486 1529 2518 1n
1556 2466 1758 2540 sequen-

66 2530 106 2582 ti
132 2529 222 2581 hac
246 2529 589 2603 inscriptione:

835 2686 878 2741 F
921 2707 946 2741 2
1505 2688 1759 2744 TEATE
